2609 4567
562 220 766 331 A...

221 416 285 476 EK.
312 410 379 477 ἄνα
401 408 581 494 δύσδαιμον
602 410 749 475 πεδόθεν
770 406 917 497 κεφαλά,

311 516 440 603 ἐπάειρε
462 516 574 601 δέρην·
609 513 716 580 οὐκέτι
739 518 841 603 Τροία

312 623 390 688 τάδε
413 628 467 687 καὶ
488 622 631 707 βασιλεῖς
654 621 750 705 ἐσμεν
773 628 901 707 Τροίας.

311 729 596 813 μεταβαλλομένου
619 729 775 812 δαίμονος
798 726 926 810 ἀνέχου.

312 836 390 900 πλεῖ
407 831 490 898 κατά
513 831 680 921 πορθμόν,
703 833 780 900 πλεῖ
799 833 882 900 κατά
906 836 1062 920 δαίμονα,

312 941 396 1027 μηδὲ
416 944 574 1027 προσίστω
597 936 732 1028 πρῴραν
753 942 865 1024 βιότου

312 1043 394 1132 πρός
416 1048 501 1130 κύμα
524 1046 668 1112 πλέουσα
690 1048 844 1127 τύχαισιν.

311 1153 386 1217 αίαῖ
404 1154 485 1217 αἰαῖ.

313 1262 343 1323 τί
364 1256 427 1346 γάρ
450 1257 489 1326 ού
512 1261 603 1344 πάρα
623 1280 680 1344 μοι
701 1260 802 1345 μελέᾳ
825 1260 999 1341 στενάχειν,

313 1361 334 1455 ᾗ
354 1371 469 1451 πατρὶς
492 1364 577 1453 ἔρρει
599 1372 654 1430 καί
676 1370 771 1433 τέκνα
794 1372 848 1431 καὶ
869 1368 976 1443 πόσιςς

314 1469 341 1535 ιύ
363 1469 467 1547 πολύς
485 1473 583 1552 ὄγκος
605 1472 865 1556 συστελλομένων

313 1580 490 1663 προγόνων,
514 1576 556 1653 ὡς
579 1575 678 1644 ούόὲν
700 1576 866 1664 ἄρ’ἧσθα.

312 1687 344 1749 τί
364 1707 404 1767 με
426 1681 486 1770 χρὴ
510 1685 619 1764 σιγᾶνς
643 1687 674 1748 τί
698 1683 735 1748 δὲ
755 1682 799 1771 μὴ
824 1685 932 1765 σιγάνς

312 1793 343 1854 τί
366 1789 403 1854 δὲ
423 1790 602 1877 θρηνῆσαις

313 1896 467 1981 δύστηνος
489 1893 551 1977 ἐγώ
575 1897 630 1983 τῆς
652 1896 893 1981 βαρυδαίμονος

311 2005 449 2088 ἄρθρων
471 2004 609 2079 κλισίας,
633 2001 676 2077 ὡς
699 2004 864 2086 διάκειμαι

311 2108 388 2177 νῶτ’
401 2110 437 2176 ἐν
460 2120 602 2194 στερροῖς
623 2109 780 2194 λέκτροισι
802 2106 942 2174 ταθεῖδ.

312 2219 399 2300 οἴμοι
421 2214 577 2301 κεφαλῆς,
601 2218 688 2299 οἴμοι
710 2212 885 2303 κροτάφων

311 2321 460 2409 πλευρῶν
482 2319 533 2397 θ’,
556 2320 599 2395 ὥς
620 2342 677 2404 μοι
699 2322 807 2397 πόθος
829 2320 946 2401 εἱλίξαι

310 2434 365 2493 καὶ
388 2427 561 2493 όιαδούναι
583 2428 687 2492 νῶτον
709 2424 868 2493 ἄκανθάν
888 2424 916 2491 τ’

310 2535 355 2609 είς
378 2531 582 2619 ἀμφοτέρους
602 2537 729 2614 τοίχους
751 2535 875 2616 μελέων

311 2639 364 2705 ἐπὶ
387 2636 462 2714 τούς
484 2640 549 2703 αίεῖ
572 2640 722 2725 δακρύων
744 2639 882 2720 ἐλέγους.

309 2746 415 2829 μούσα
440 2744 477 2809 δὲ
499 2742 598 2830 καύτῆ
622 2756 689 2820 τοῖς
713 2746 879 2832 δυστήνοις

311 2850 390 2925 ἄτας
413 2850 563 2916 κελαδεῖν
585 2846 791 2935 ἀχορεύτους.

311 2957 438 3044 πρῷραι
461 2955 550 3022 ναῶν
572 2953 697 3033 οἰκεῖαι,

300 3063 399 3129 Ἴλιον
421 3060 514 3148 ἱεράν
536 3068 575 3127 αῖ
593 3066 732 3130 κώπαισι
757 3061 801 3128 δι’

300 3168 377 3252 Ιάλα
399 3171 640 3255 πορφυροειδέα
663 3176 718 3235 καὶ
739 3171 871 3253 λιμένας

300 3273 459 3349 Ἑλλάδος
481 3270 634 3362 εὐόρμους

308 3379 420 3447 αύλῶν
441 3383 556 3448 παιᾶνι
579 3383 701 3471 στυγνῷ

310 3493 467 3575 συρίγγων
488 3486 726 3573 τέύφθόγγων
750 3498 875 3574 φωναῖς

307 3598 480 3678 βαίνουσαι
502 3590 644 3659 πλεκτὰν
666 3595 837 3675 Αἰγύπτου

308 3701 462 3766 παιδείαν
484 3698 713 3787 ἐξηρτήσασθ’,

309 3808 394 3884 αίαῖ,
418 3810 537 3894 Τροίας
560 3806 596 3871 ἐν
617 3805 748 3883 κόλποις

308 3910 370 3978 τάν
392 3913 567 3979 Μενελάου
588 3910 837 3997 μετανισόμεναι

309 4015 448 4099 στυγνόν
469 4019 591 4101 ἄλοχον
613 4022 753 4105 Κάστορι
775 4019 885 4103 λοίβαν

99 4134 158 4190 105.
185 4141 259 4193 alal
269 4142 300 4195 αλ
311 4143 348 4195 αί.
422 4137 480 4193 111.
507 4144 627 4194 καθεῖσα.
701 4138 760 4195 123.
788 4140 896 4201 κάπαις.
970 4137 1028 4194 130.
1057 4140 1135 4193 αίαί.
