2609 4567
624 196 674 276 53

22 438 26 442 .
90 390 163 445 Δῑο1
173 393 201 441 ο·
217 388 345 459 μένουσιν
362 400 401 441 oo
418 382 492 454 (dld)
511 389 656 439 correctura
673 390 767 453 sperts.
829 400 856 437 v.
868 379 911 435 79.
928 383 1020 453 κίμψη
1038 388 1074 435 ct
1100 381 1211 450 πέμπειν

91 477 170 533 sehol.
189 492 238 531 ms.
257 477 283 529 in
298 474 462 547 Lycophron.
482 492 507 527 v.
519 470 580 527 389.
599 489 638 543 sp.
650 471 764 526 Porson.
783 471 886 527 covers.
904 489 929 541 p.
941 468 1003 525 263.
1057 488 1082 523 v.
1093 466 1138 523 80.
1156 470 1210 544 πύρ

90 565 231 640 κεραύνιον
248 563 319 633 λέγει
336 562 418 617 schol.
436 560 566 633 Lycophr.
584 559 634 615 1.1.
706 578 731 613 v.
743 557 788 614 82.
805 560 925 631 πάραοχε
942 561 979 614 Α1
989 565 1016 611 c¹
1026 562 1054 609 ε’
1078 556 1212 628 παράσχες

92 670 111 707 o
129 652 210 720 (Alo.)
227 652 356 725 παρέσχες
373 665 398 703 u.
464 653 573 721 αίγαιον
589 648 627 703 Δ“
637 650 663 700 c¹
683 650 792 719 αὐγαῖσν
809 647 931 716 σ1111.)
1001 664 1026 699 ε.
1038 643 1083 699 85.
1100 644 1211 699 Valcke-

92 742 177 797 nsrius
195 738 338 793 odPhoen.
357 734 457 793 stit.
470 735 547 791 1331.
567 754 646 807 quum
665 736 782 805 εὐσεβεῖν
799 739 837 795 είς
852 754 911 791 τινα
928 734 1008 807 vulgo
1028 734 1079 789 dici
1096 734 1211 787 animod-

91 829 224 891 rertisset,
247 826 364 895 εὐσεβεῖν
385 845 444 881 τινα
468 825 517 879 dici
540 842 591 878 non
615 842 694 894 posse
716 823 822 895 collegit
845 825 988 893 speciosius
1014 840 1090 893 quem
1112 823 1210 877 verius.

92 919 177 985 itsquc
200 916 317 984 εὐσεβεῖν
339 917 367 967 in
389 915 492 986 tragicis
515 912 560 967 ubi
584 928 641 965 cum
665 929 715 966 see.
734 912 864 967 videretur
880 912 959 983 jungi
976 913 1070 966 mutari
1084 910 1168 980 jussit
1183 911 1211 965 in

91 999 120 1059 εὐ
136 1005 230 1072 σέβειν.
267 1010 355 1057 contro
378 1018 454 1073 quem
479 1018 559 1073 quum
583 1008 651 1053 reete
668 1000 835 1073 liiusgrsvius
859 1001 1004 1054 monuisset
1025 999 1143 1055 similiter
1161 997 1211 1053 dici

4 1082 5 1087 ¹
92 1101 117 1147 ct
139 1092 246 1161 ἀσεβεῖν
266 1092 304 1151 είς
320 1110 379 1145 τινα
402 1098 428 1145 et
445 1090 551 1159 ἀσεβεῖν
567 1108 639 1154 τινα,
663 1107 716 1144 non
735 1106 824 1144 omncs
843 1097 927 1143 umen
945 1089 1115 1143 recentiorum
1134 1104 1211 1149 sense

90 1180 183 1235 rationi
205 1178 295 1233 hebuit
317 1178 497 1249 obsequentes.
533 1194 585 1231 non
609 1176 733 1249 intellego
758 1187 843 1232 sutem
865 1177 1040 1242 Ellendtium,
1067 1178 1112 1247 qui
1135 1174 1211 1230 leniti

91 1267 211 1339 Sophoci.
231 1268 295 1321 tomi
307 1267 328 1321 Ι.
347 1285 372 1337 p.
385 1264 438 1323 713
456 1266 563 1335 ἀσεβεῖν
579 1284 651 1331 τινα,
671 1284 751 1336 quum
770 1268 806 1320 sit
818 1264 906 1337 ‘impie
923 1265 991 1319 fscto
1011 1264 1074 1319 deos
1093 1262 1210 1330 violare’,

91 1358 127 1411 sic
145 1357 207 1427 puni
226 1353 362 1411 contendit
378 1353 444 1411 κατά
460 1352 488 1409 τύ
507 1354 717 1427 σημαινόμενονς
735 1354 764 1407 id
781 1372 843 1409 vero
861 1372 915 1408 non
933 1353 1023 1409 cedere
1040 1354 1069 1407 in
1085 1352 1211 1421 εὐσεβεῖν.

4 1506 5 1515 ρ
91 1446 184 1499 etenim
208 1445 230 1500 si
254 1444 372 1512 ἀσεβεῖν,
394 1442 510 1513 ‘impium
530 1442 607 1506 esse,
632 1450 724 1512 quarto
743 1445 814 1500 casui
827 1443 948 1512 junctum
966 1441 1109 1514 siguificare
1126 1442 1212 1511 potuit

4 1550 5 1577 ss
87 1532 173 1603 ‘impie
195 1532 262 1585 facto
281 1530 407 1596 violsre’,'
425 1530 514 1601 quidni
537 1530 662 1599 εὐσεβεῖν,
683 1528 765 1601 ‘pium
787 1532 866 1596 esse',
890 1531 973 1587 eidem
989 1530 1042 1601 legi
1059 1529 1210 1585 sosuiemm

4 1650 5 1691 j
89 1620 180 1675 indust
202 1622 333 1695 notionem
358 1620 403 1673 τοῦ
423 1616 475 1690 ‘pie
498 1618 565 1673 iacto
590 1618 706 1673 colere’i’
733 1637 786 1674 non
807 1618 976 1673 dubitandum
998 1620 1077 1690 igitur
1094 1617 1211 1687 εὐσεβεῖν

4 1776 5 1783 ρ
88 1728 148 1763 τινα
170 1710 232 1778 quin
256 1709 369 1779 potuerit
386 1708 444 1761 dici.
482 1707 577 1761 dictum
595 1716 680 1770 sutem
700 1724 758 1761 esse
776 1716 809 1763 ct.
818 1707 942 1779 Aeschyli
961 1707 1120 1762 demonstrat
1136 1706 1211 1762 locut

4 1790 5 1833 1
88 1801 197 1853 Eumen.
215 1816 241 1851 v.
257 1794 319 1851 973.
342 1799 479 1867 μετοικίαν
501 1796 528 1849 δ’
544 1794 611 1867 ἐμὴν
634 1796 798 1864 εὐσεβοῦντες
814 1795 868 1862 (sic
887 1797 954 1849 enim
972 1813 1004 1850 eo
1022 1795 1081 1859 ioco
1100 1794 1161 1849 libri
1178 1794 1212 1849 cd

89 1902 170 1941 unum
190 1902 292 1951 omnem
310 1883 409 1939 fallitur
420 1882 566 1939 Ellendtius
584 1885 612 1937 iu
630 1882 689 1938 solo
703 1882 928 1955 Gueipherbytsno
947 1884 976 1937 id
992 1900 1049 1940 csse
1069 1884 1167 1952 diceus)
1185 1891 1212 1937 ct

89 1992 152 2032 vcro
170 1976 246 2029 etism
263 1980 360 2027 noster.
387 1974 501 2042 reposito
522 1974 589 2027 enirn
607 1990 620 2027 e
638 1972 741 2027 decreto
753 1971 915 2026 Valckenarii
932 1966 1060 2046 εὐσέβειν
1070 1972 1139 2027 idem
1151 1989 1211 2027 evc-

89 2064 136 2117 det
148 2063 259 2117 duorum
272 2078 393 2117 versuum
407 2062 490 2115 exitus
504 2063 607 2115 minime
619 2060 756 2126 ferendus,
773 2062 1004 2130 σέβειν-σέβειν.
1051 2080 1075 2116 v.
1087 2058 1132 2116 89.
1150 2068 1211 2113 Μο-

4 2186 5 2201 .
87 2157 163 2207 κίνοε
180 2151 227 2206 At
289 2168 314 2205 v.
333 2148 377 2203 91.
400 2150 518 2225 ἀργείων
539 2150 616 2205 A¹c¹
631 2165 678 2205 oo.
702 2151 814 2204 correxit
834 2148 968 2204 Gruterus.
1039 2168 1065 2205 ε.
1083 2148 1127 2205 95.
1150 2157 1211 2219 post

4 2254 6 2313 ς
86 2241 176 2299 πόλεις
187 2238 267 2310 vulgo
286 2239 449 2311 hypostigme
467 2240 665 2312 interpungitur.
696 2246 783 2296 contre
801 2240 829 2291 in
846 2237 1006 2310 autographo
1024 2245 1086 2308 post
1099 2239 1212 2310 τίμβονς

86 2329 118 2383 θ’
139 2328 223 2382 fuisse
240 2327 343 2381 videtur
362 2328 464 2399 stigme.
491 2326 522 2381 cf.
540 2327 634 2381 schole
652 2331 735 2381 λείπει
751 2324 767 2380 i
783 2326 852 2402 γάρ,
870 2327 905 2381 λε’
916 2322 943 2400 fi·
963 2324 995 2381 τά
1010 2325 1065 2402 γάρ
1083 2322 1143 2397 repo
1159 2326 1212 2383 ττύν

4 2420 6 2441 ¹
86 2416 263 2483 τεθνη[κέτων
279 2414 428 2491 ἐρημώσας]
448 2414 524 2474 αὐτὸς
541 2414 648 2490 ὕστερον
665 2415 773 2470 ὐλεῖται.
843 2431 885 2469 vv.
899 2412 1041 2469 98-101.
1066 2416 1145 2469 choro
1163 2416 1211 2469 tri·

4 2570 5 2577 ¹
92 2506 152 2559 buit
170 2520 191 2559 o
210 2503 301 2572 (tlt),
320 2504 440 2557 Hecubae
459 2511 526 2557 recte
543 2502 580 2557 A*
591 2507 688 2557 c¹c⁸c.
706 2504 775 2556 esnit
791 2502 852 2556 hacc
866 2504 971 2557 Hecube
989 2502 1062 2557 humi
1076 2503 1165 2571 jucens
1183 2504 1210 2557 in

4 2600 5 2603 ’
86 2610 165 2647 εοεαε
183 2592 254 2660 (vide
273 2610 352 2663 supro
370 2610 393 2645 v.
406 2589 441 2646 36
454 2609 508 2661 seq.
528 2598 553 2645 et
564 2590 631 2646 inire
643 2609 668 2646 v.
683 2590 756 2656 tlt),
775 2590 845 2661 qusli
854 2593 882 2644 in
894 2599 964 2646 stetu
977 2593 1062 2663 inepte
1073 2608 1114 2645 mc
1122 2592 1211 2661 judico

88 2683 197 2737 fecisset
220 2689 296 2751 pocta
319 2681 448 2751 strophies
470 2679 620 2735 fundentem
638 2680 766 2751 reginam,
789 2681 829 2733 uti
846 2682 1001 2751 suspicatus.
1011 2689 1052 2735 est
1069 2679 1210 2739 suttune.

87 2778 220 2843 praetores
237 2786 313 2840 quem
332 2770 465 2825 constituit
483 2770 505 2823 is
525 2768 702 2839 stropharum,
721 2786 786 2840 ques
803 2768 890 2835 tinxit,
910 2769 1025 2824 ordinem
1043 2771 1085 2835 (α.
1095 2776 1121 2839 β.
1132 2772 1212 2839 βα.)
1300 2839 1301 2842 ρ

86 2861 111 2915 is
132 2866 186 2925 est,
206 2875 282 2928 quem
300 2876 352 2911 non
371 2859 422 2912 nisi
440 2860 467 2913 iu
486 2859 641 2914 commaticis
660 2858 879 2913 adhibuissem
892 2860 967 2912 certis
981 2858 1211 2930 quibusdcmlegi·

4 2988 5 2993 1
85 2949 139 3003 bus
158 2948 269 3019 tropicos
289 2954 397 3001 constet.
469 2965 495 3001 v.
512 2944 555 3001 98.
580 2948 731 3018 δεσδαῖμον
748 2948 823 3000 A¹c¹
841 2948 998 3018 δυσδαίμων
1010 2953 1043 3001 ἐ’
1061 2947 1212 3019 δύσδαιμιν

4 3080 6 3111 ,
86 3050 136 3091 au.
208 3034 311 3106 κεφαλά
322 3036 404 3088 'Mc'
430 3034 548 3106 κεφαλήν
567 3050 604 3091 uu
622 3034 706 3103 (Alo.)
727 3052 741 3089 e
760 3034 914 3103 coniectura.
951 3033 1019 3088 illud
1034 3034 1117 3089 fuisse
1135 3043 1210 3089 cuto-

85 3124 180 3197 grcphi
199 3122 297 3179 scholis
316 3124 409 3177 docent
424 3123 514 3177 mutila
526 3124 642 3195 quidem,
662 3123 707 3177 scd
720 3139 785 3193 quse
797 3122 866 3177 fucili
877 3125 982 3195 negotio
995 3125 1098 3194 possint
1108 3125 1212 3179 restitui

4 3226 5 3259 1
87 3216 141 3267 sic:
164 3210 232 3289 πρύς
253 3208 348 3278 ἑαυτὴν
370 3212 448 3285 rodco
472 3210 598 3283 ἧἙκάβη
615 3214 699 3284 λέγει·
724 3212 893 3285 ἀνάστρεψον
909 3209 955 3279 την
971 3212 1089 3283 κεφαλήν
1105 3228 1167 3281 ouo,
1189 3203 1211 3265 oi

81 3302 193 3371 Ἑκάβη.
230 3298 245 3354 ὅ
271 3300 300 3355 δέ
322 3300 415 3372 λόγος·
442 3300 496 3357 ἀνα
520 3302 670 3374 δύσδαιμον
688 3300 812 3372 [κεφαλιὶ,
835 3301 902 3369 οῖον]
920 3303 950 3355 ἐκ
967 3302 1040 3356 θεῶν
1056 3304 1212 3373 δυσδαίμων

4 3422 5 3439 1
85 3386 193 3461 κεφαλὴ
210 3394 340 3460 γεγονυῖα
479 3388 496 3457 ἡ
513 3390 543 3445 δέ
559 3391 706 3446 πεδόθεν
722 3386 845 3461 κεφαλὴ
861 3392 1057 3463 ἐμπαθέστερον
1075 3390 1132 3457 [καί
1146 3388 1211 3456 τοῖς]

4 3474 5 3559 i
85 3478 272 3551 ἀποκειμένοις
288 3481 390 3537 οἰκείως
403 3481 508 3550 ’ἔχοισα
535 3478 550 3546 ἦ
569 3477 623 3549 γὰρ
635 3478 754 3548 Ἑ[κάβη]
772 3474 866 3544 ἐαντην
884 3475 932 3531 διά
948 3476 994 3536 τάς
1010 3474 1153 3553 σνμφοράς
1168 3476 1212 3529 ἐπὶ

4 3594 5 3645 3
83 3568 131 3621 τοῦ
148 3566 268 3637 ἐδάφονς
287 3565 428 3637 [ἔρρεψεν]
442 3570 543 3626 οἰκείως
555 3562 622 3634 [οὐν]
635 3570 737 3629 ἐπέλεξε
748 3564 776 3621 τὸ
794 3566 930 3641 ἐπάειρε
948 3566 1048 3641 δέρην
1065 3563 1211 3625 mentusco·

83 3660 166 3715 κνίας
183 3654 261 3722 αὐτῆς
278 3656 325 3711 καί
342 3656 494 3727 κεκλιμένης
510 3656 552 3708 ἐπί
569 3657 612 3710 roi
622 3655 746 3726 ἐδάφονς.
800 3672 842 3707 vv.
856 3651 917 3707 101.
931 3651 992 3707 102.
1011 3655 1071 3707 citat
1083 3653 1210 3708 Stoboeus

4 3792 5 3809 ,
84 3744 186 3799 cvtlt.
206 3742 249 3797 11.
272 3743 320 3797 111.
338 3760 363 3815 p.
379 3742 441 3799 328.
468 3742 500 3797 ci.
520 3742 612 3797 Zonsr.
635 3763 661 3815 p.
675 3741 753 3798 1557.
825 3760 849 3795 v.
870 3739 930 3797 193.
955 3745 1084 3817 προσίστω
1100 3742 1211 3794 A¹c¹o¹

82 3836 212 3907 προσίστη
230 3848 268 3889 uo
286 3831 378 3901 (Alc).
414 3831 480 3887 illud
498 3839 640 3904 agnoscunt
659 3834 733 3886 etiam
753 3832 847 3887 schot:
866 3831 924 3885 ἀντί
940 3831 984 3885 sori
999 3828 1038 3901 μὴ
1054 3830 1211 3883 ἀντικεῖσθαι

83 3922 268 3987 (ἀντικεῖσθαι
287 3921 357 3987 cod.)
376 3925 429 3979 τοῖς
445 3918 512 3991 πρὸς
528 3922 638 3997 πρῴραν
656 3921 779 3993 κάμασεν,
798 3920 814 3976 i
831 3924 885 3975 ἐστι
901 3917 939 3991 μη
954 3918 1098 3972 ἀνθίστατο
1108 3918 1144 3987 τῷ
1155 3917 1211 3984 [κύ-

4 4008 5 4057 ἶ
82 4010 164 4079 ματε]
188 4011 232 4065 τού
254 4014 329 4079 βίον,
352 4005 419 4063 ἀλλά
442 4011 502 4064 πλέε
524 4006 591 4065 κατά
607 4009 635 4063 τὸ
653 4010 727 4063 εὐθύ.
798 4028 823 4064 v.
837 4007 897 4063 195.
917 4011 948 4062 αῖ
958 4010 1031 4062 αίαί
1040 4009 1071 4061 ol
1086 4006 1159 4070 libri,
1181 4014 1211 4059 ut

83 4096 183 4156 solent.
239 4116 265 4153 v.
279 4096 340 4153 198.
356 4100 563 4168 συστελλομένων
573 4098 642 4151 libri.
671 4098 803 4169 corrigunt
813 4096 894 4168 vulgo
906 4096 1109 4167 συστελλίμενοε,
1120 4095 1210 4147 Victo·
