<?xml version="1.0" encoding="UTF-8"?>
<!DOCTYPE html PUBLIC "-//W3C//DTD XHTML 1.0 Transitional//EN"
    "http://www.w3.org/TR/xhtml1/DTD/xhtml1-transitional.dtd">
<html xmlns="http://www.w3.org/1999/xhtml" xml:lang="en" lang="en">
 <head>
  <title>
</title>
<meta http-equiv="Content-Type" content="text/html;charset=utf-8" />
  <meta name='ocr-system' content='tesseract 3.04.00' />
  <meta name='ocr-capabilities' content='ocr_page ocr_carea ocr_par ocr_line ocrx_word'/>
</head>
<body>
  <div class='ocr_page' id='page_1' title='image "./euripidistroade00kircgoog_0017.png"; bbox 0 0 2609 4567; ppageno 0'>
   <div class='ocr_carea' id='block_1_1' title="bbox 603 224 651 295">
    <p class='ocr_par' dir='ltr' id='par_1_1' title="bbox 603 224 651 295">
     <span class='ocr_line' id='line_1_1' title="bbox 603 224 651 295; baseline -0.021 0"><span class='ocrx_word' id='word_1_1' title='bbox 603 224 651 295; x_wconf 83' lang='lat'><strong><em>13</em></strong></span> 
     </span>
    </p>
   </div>
   <div class='ocr_carea' id='block_1_2' title="bbox 65 403 1122 4219">
    <p class='ocr_par' dir='ltr' id='par_1_2' title="bbox 65 403 1122 4219">
     <span class='ocr_line' id='line_1_2' title="bbox 116 403 1040 507; baseline 0 -30"><span class='ocrx_word' id='word_1_2' title='bbox 116 415 195 477; x_wconf 87' lang='lat'><strong><em>110.</em></strong></span> <span class='ocrx_word' id='word_1_3' title='bbox 222 405 368 495; x_wconf 78' lang='grc' dir='ltr'><strong><em>μάλιστ’·</em></strong></span> <span class='ocrx_word' id='word_1_4' title='bbox 403 403 487 495; x_wconf 80' lang='grc' dir='ltr'><strong><em>άτάρ</em></strong></span> <span class='ocrx_word' id='word_1_5' title='bbox 511 405 551 497; x_wconf 70' lang='grc' dir='ltr'><em>δὴ</em></span> <span class='ocrx_word' id='word_1_6' title='bbox 574 414 630 475; x_wconf 79' lang='grc' dir='ltr'><strong><em>κοιλ</em></strong></span> <span class='ocrx_word' id='word_1_7' title='bbox 650 406 687 477; x_wconf 87' lang='grc' dir='ltr'><strong><em>τό</em></strong></span> <span class='ocrx_word' id='word_1_8' title='bbox 713 405 772 507; x_wconf 83' lang='grc' dir='ltr'><strong><em>σόν</em></strong></span> <span class='ocrx_word' id='word_1_9' title='bbox 792 410 885 477; x_wconf 79' lang='grc' dir='ltr'><strong><em>θέλοι’</em></strong></span> <span class='ocrx_word' id='word_1_10' title='bbox 906 416 1040 495; x_wconf 87' lang='grc' dir='ltr'><strong><em>μαθεῖν,</em></strong></span> 
     </span>
     <span class='ocr_line' id='line_1_3' title="bbox 224 504 1122 604; baseline 0.002 -21"><span class='ocrx_word' id='word_1_11' title='bbox 224 518 361 602; x_wconf 90' lang='grc' dir='ltr'><strong><em>πότερον</em></strong></span> <span class='ocrx_word' id='word_1_12' title='bbox 378 512 521 597; x_wconf 83' lang='grc' dir='ltr'><strong><em>’Λχαιών</em></strong></span> <span class='ocrx_word' id='word_1_13' title='bbox 543 515 645 604; x_wconf 81' lang='grc' dir='ltr'><strong><em>ἦλθες</em></strong></span> <span class='ocrx_word' id='word_1_14' title='bbox 669 514 774 584; x_wconf 79' lang='grc' dir='ltr'><strong><em>οὕνεκ’</em></strong></span> <span class='ocrx_word' id='word_1_15' title='bbox 798 519 820 603; x_wconf 72' lang='grc' dir='ltr'><em>ἢ</em></span> <span class='ocrx_word' id='word_1_16' title='bbox 841 518 988 601; x_wconf 77' lang='grc' dir='ltr'><strong><em>Φρυγῶν.</em></strong></span> <span class='ocrx_word' id='word_1_17' title='bbox 1119 504 1122 511; x_wconf 54' lang='grc'><strong>’</strong></span> 
     </span>
     <span class='ocr_line' id='line_1_4' title="bbox 119 620 1094 711; baseline 0 -22"><span class='ocrx_word' id='word_1_18' title='bbox 119 626 196 690; x_wconf 84' lang='grc' dir='ltr'><strong><em>ΛΘ.</em></strong></span> <span class='ocrx_word' id='word_1_19' title='bbox 225 620 301 700; x_wconf 83' lang='grc' dir='ltr'><strong><em>τοδς</em></strong></span> <span class='ocrx_word' id='word_1_20' title='bbox 321 626 383 708; x_wconf 77' lang='grc' dir='ltr'><strong><em>μὲν</em></strong></span> <span class='ocrx_word' id='word_1_21' title='bbox 404 628 482 707; x_wconf 75' lang='grc' dir='ltr'><strong><em>πρὶν</em></strong></span> <span class='ocrx_word' id='word_1_22' title='bbox 503 621 645 711; x_wconf 82' lang='grc' dir='ltr'><strong><em>έχθροδς</em></strong></span> <span class='ocrx_word' id='word_1_23' title='bbox 669 623 783 707; x_wconf 83' lang='grc' dir='ltr'><strong><em>Τρῶας</em></strong></span> <span class='ocrx_word' id='word_1_24' title='bbox 804 620 966 710; x_wconf 76' lang='grc' dir='ltr'><strong><em>εὐφράναι</em></strong></span> <span class='ocrx_word' id='word_1_25' title='bbox 988 622 1094 701; x_wconf 87' lang='grc' dir='ltr'><strong><em>θέλω,</em></strong></span> 
     </span>
     <span class='ocr_line' id='line_1_5' title="bbox 225 727 1017 819; baseline 0 -26"><span class='ocrx_word' id='word_1_26' title='bbox 225 730 349 819; x_wconf 74' lang='grc' dir='ltr'><strong><em>στρατῷ</em></strong></span> <span class='ocrx_word' id='word_1_27' title='bbox 372 727 559 810; x_wconf 77' lang='grc' dir='ltr'><strong><em>δἎχαιών</em></strong></span> <span class='ocrx_word' id='word_1_28' title='bbox 580 730 697 796; x_wconf 88' lang='grc' dir='ltr'><strong><em>νόστον</em></strong></span> <span class='ocrx_word' id='word_1_29' title='bbox 718 729 872 813; x_wconf 71' lang='grc' dir='ltr'><strong><em>ἐμβαλεῖν</em></strong></span> <span class='ocrx_word' id='word_1_30' title='bbox 893 730 1017 815; x_wconf 92' lang='grc' dir='ltr'><strong><em>πικρόν.</em></strong></span> 
     </span>
     <span class='ocr_line' id='line_1_6' title="bbox 119 832 1015 924; baseline 0 -23"><span class='ocrx_word' id='word_1_31' title='bbox 119 840 197 901; x_wconf 88' lang='lat'><strong><em>110.</em></strong></span> <span class='ocrx_word' id='word_1_32' title='bbox 226 838 258 900; x_wconf 90' lang='grc' dir='ltr'><strong><em>τί</em></strong></span> <span class='ocrx_word' id='word_1_33' title='bbox 280 832 390 901; x_wconf 81' lang='grc' dir='ltr'><strong><em>δ’ώδε</em></strong></span> <span class='ocrx_word' id='word_1_34' title='bbox 412 837 520 922; x_wconf 76' lang='grc' dir='ltr'><strong><em>πηδᾷς</em></strong></span> <span class='ocrx_word' id='word_1_35' title='bbox 540 832 655 900; x_wconf 77' lang='grc' dir='ltr'><strong><em>ἄλλοτ’</em></strong></span> <span class='ocrx_word' id='word_1_36' title='bbox 666 836 712 910; x_wconf 82' lang='grc' dir='ltr'><strong><em>είς</em></strong></span> <span class='ocrx_word' id='word_1_37' title='bbox 735 835 856 911; x_wconf 84' lang='grc' dir='ltr'><strong><em>ἄλλους</em></strong></span> <span class='ocrx_word' id='word_1_38' title='bbox 876 837 1015 924; x_wconf 81' lang='grc' dir='ltr'><strong><em>τρόπους</em></strong></span> 
     </span>
     <span class='ocr_line' id='line_1_7' title="bbox 222 941 943 1035; baseline 0.006 -31"><span class='ocrx_word' id='word_1_39' title='bbox 222 951 325 1025; x_wconf 89' lang='grc' dir='ltr'><strong><em>μισεῖς</em></strong></span> <span class='ocrx_word' id='word_1_40' title='bbox 346 967 381 1008; x_wconf 91' lang='grc' dir='ltr'><strong><em>τε</em></strong></span> <span class='ocrx_word' id='word_1_41' title='bbox 406 942 480 1009; x_wconf 93' lang='grc' dir='ltr'><strong><em>λίαν</em></strong></span> <span class='ocrx_word' id='word_1_42' title='bbox 502 946 557 1006; x_wconf 78' lang='grc' dir='ltr'><strong><em>καὶ</em></strong></span> <span class='ocrx_word' id='word_1_43' title='bbox 580 941 686 1028; x_wconf 82' lang='grc' dir='ltr'><strong><em>φιλεῖς</em></strong></span> <span class='ocrx_word' id='word_1_44' title='bbox 709 942 748 1007; x_wconf 86' lang='grc' dir='ltr'><strong><em>δν</em></strong></span> <span class='ocrx_word' id='word_1_45' title='bbox 770 943 813 1020; x_wconf 86' lang='grc' dir='ltr'><strong><em>άν</em></strong></span> <span class='ocrx_word' id='word_1_46' title='bbox 835 943 943 1035; x_wconf 77' lang='grc' dir='ltr'><strong><em>τόχῃςς</em></strong></span> 
     </span>
     <span class='ocr_line' id='line_1_8' title="bbox 119 1042 1026 1134; baseline 0.002 -21"><span class='ocrx_word' id='word_1_47' title='bbox 119 1050 196 1113; x_wconf 84' lang='grc' dir='ltr'><strong><em>ΑΘ.</em></strong></span> <span class='ocrx_word' id='word_1_48' title='bbox 225 1043 297 1113; x_wconf 75' lang='grc' dir='ltr'><strong><em>οὖν’</em></strong></span> <span class='ocrx_word' id='word_1_49' title='bbox 309 1042 403 1113; x_wconf 71' lang='grc' dir='ltr'><strong><em>οἶσθ’</em></strong></span> <span class='ocrx_word' id='word_1_50' title='bbox 413 1046 629 1134; x_wconf 80' lang='grc' dir='ltr'><strong><em>ὑβρισθεῖσάν</em></strong></span> <span class='ocrx_word' id='word_1_51' title='bbox 650 1072 691 1133; x_wconf 89' lang='grc' dir='ltr'><strong><em>με</em></strong></span> <span class='ocrx_word' id='word_1_52' title='bbox 713 1053 768 1113; x_wconf 76' lang='grc' dir='ltr'><strong><em>καὶ</em></strong></span> <span class='ocrx_word' id='word_1_53' title='bbox 790 1043 891 1125; x_wconf 82' lang='grc' dir='ltr'><strong><em>ναοός</em></strong></span> <span class='ocrx_word' id='word_1_54' title='bbox 913 1044 1026 1133; x_wconf 74' lang='grc' dir='ltr'><strong><em>έμοόςς</em></strong></span> 
     </span>
     <span class='ocr_line' id='line_1_9' title="bbox 119 1151 986 1240; baseline 0.005 -22"><span class='ocrx_word' id='word_1_55' title='bbox 119 1159 195 1218; x_wconf 89' lang='grc' dir='ltr'><strong><em>ΠΟ.</em></strong></span> <span class='ocrx_word' id='word_1_56' title='bbox 224 1151 298 1230; x_wconf 73' lang='grc' dir='ltr'><strong><em>οἶδ’,</em></strong></span> <span class='ocrx_word' id='word_1_57' title='bbox 321 1151 403 1239; x_wconf 73' lang='grc' dir='ltr'><strong><em>ἡνίκ’</em></strong></span> <span class='ocrx_word' id='word_1_58' title='bbox 416 1157 503 1230; x_wconf 83' lang='grc' dir='ltr'><strong><em>Αἴας</em></strong></span> <span class='ocrx_word' id='word_1_59' title='bbox 525 1152 608 1219; x_wconf 84' lang='grc' dir='ltr'><strong><em>είλκε</em></strong></span> <span class='ocrx_word' id='word_1_60' title='bbox 630 1154 828 1240; x_wconf 80' lang='grc' dir='ltr'><strong><em>Κασάνδραν</em></strong></span> <span class='ocrx_word' id='word_1_61' title='bbox 849 1158 917 1238; x_wconf 80' lang='grc' dir='ltr'><strong><em>βίᾳ.</em></strong></span> <span class='ocrx_word' id='word_1_62' title='bbox 982 1198 986 1206; x_wconf 89' lang='grc'>-</span> 
     </span>
     <span class='ocr_line' id='line_1_10' title="bbox 119 1252 1006 1347; baseline 0 -22"><span class='ocrx_word' id='word_1_63' title='bbox 119 1263 196 1325; x_wconf 80' lang='grc' dir='ltr'><strong><em>ΛΘ.</em></strong></span> <span class='ocrx_word' id='word_1_64' title='bbox 225 1252 344 1325; x_wconf 78' lang='grc' dir='ltr'><strong><em>κοόδέν</em></strong></span> <span class='ocrx_word' id='word_1_65' title='bbox 364 1256 396 1340; x_wconf 81' lang='grc' dir='ltr'><strong><em>γ’</em></strong></span> <span class='ocrx_word' id='word_1_66' title='bbox 410 1256 551 1340; x_wconf 83' lang='grc' dir='ltr'><strong><em>’Λχαιών</em></strong></span> <span class='ocrx_word' id='word_1_67' title='bbox 573 1259 703 1325; x_wconf 80' lang='grc' dir='ltr'><strong><em>ἔπαθεν</em></strong></span> <span class='ocrx_word' id='word_1_68' title='bbox 725 1257 797 1327; x_wconf 73' lang='grc' dir='ltr'><strong><em>οὐδ’</em></strong></span> <span class='ocrx_word' id='word_1_69' title='bbox 809 1256 922 1347; x_wconf 54' lang='grc' dir='ltr'><strong><em>ἤκουο)</em></strong></span> <span class='ocrx_word' id='word_1_70' title='bbox 933 1260 1006 1327; x_wconf 84' lang='grc' dir='ltr'><strong><em>ὕπο.</em></strong></span> 
     </span>
     <span class='ocr_line' id='line_1_11' title="bbox 121 1363 966 1455; baseline 0 -26"><span class='ocrx_word' id='word_1_71' title='bbox 121 1370 196 1433; x_wconf 89' lang='grc' dir='ltr'><strong><em>ΠΟ.</em></strong></span> <span class='ocrx_word' id='word_1_72' title='bbox 225 1372 278 1430; x_wconf 75' lang='grc' dir='ltr'><strong><em>καὶ</em></strong></span> <span class='ocrx_word' id='word_1_73' title='bbox 300 1363 366 1453; x_wconf 71' lang='grc' dir='ltr'><strong><em>μὴν</em></strong></span> <span class='ocrx_word' id='word_1_74' title='bbox 389 1366 528 1450; x_wconf 79' lang='grc' dir='ltr'><strong><em>ἔπερσάν</em></strong></span> <span class='ocrx_word' id='word_1_75' title='bbox 549 1365 581 1447; x_wconf 84' lang='grc' dir='ltr'><strong><em>γ’</em></strong></span> <span class='ocrx_word' id='word_1_76' title='bbox 589 1366 689 1433; x_wconf 87' lang='grc' dir='ltr'><strong><em>Ἴλιον</em></strong></span> <span class='ocrx_word' id='word_1_77' title='bbox 710 1368 754 1455; x_wconf 80' lang='grc' dir='ltr'><strong><em>τῷ</em></strong></span> <span class='ocrx_word' id='word_1_78' title='bbox 778 1367 822 1454; x_wconf 80' lang='grc' dir='ltr'><strong><em>σῷ</em></strong></span> <span class='ocrx_word' id='word_1_79' title='bbox 845 1368 966 1432; x_wconf 86' lang='grc' dir='ltr'><strong><em>σθένει.</em></strong></span> 
     </span>
     <span class='ocr_line' id='line_1_12' title="bbox 121 1470 1036 1561; baseline 0.001 -25"><span class='ocrx_word' id='word_1_80' title='bbox 121 1475 197 1537; x_wconf 86' lang='grc' dir='ltr'><strong><em>ΛΘ.</em></strong></span> <span class='ocrx_word' id='word_1_81' title='bbox 225 1474 336 1560; x_wconf 90' lang='grc' dir='ltr'><strong><em>τοιγάρ</em></strong></span> <span class='ocrx_word' id='word_1_82' title='bbox 361 1489 424 1561; x_wconf 89' lang='grc' dir='ltr'><strong><em>σφε</em></strong></span> <span class='ocrx_word' id='word_1_83' title='bbox 446 1470 506 1540; x_wconf 82' lang='grc' dir='ltr'><strong><em>σόν</em></strong></span> <span class='ocrx_word' id='word_1_84' title='bbox 529 1476 580 1538; x_wconf 78' lang='grc' dir='ltr'><strong><em>σοὶ</em></strong></span> <span class='ocrx_word' id='word_1_85' title='bbox 599 1472 761 1557; x_wconf 86' lang='grc' dir='ltr'><strong><em>βούλομαι</em></strong></span> <span class='ocrx_word' id='word_1_86' title='bbox 784 1472 901 1559; x_wconf 86' lang='grc' dir='ltr'><strong><em>δράσαι</em></strong></span> <span class='ocrx_word' id='word_1_87' title='bbox 923 1473 1036 1549; x_wconf 81' lang='grc' dir='ltr'><strong><em>κακῶς.</em></strong></span> 
     </span>
     <span class='ocr_line' id='line_1_13' title="bbox 120 1576 982 1671; baseline 0.001 -29"><span class='ocrx_word' id='word_1_88' title='bbox 120 1584 196 1643; x_wconf 89' lang='grc' dir='ltr'><strong><em>ΠΟ.</em></strong></span> <span class='ocrx_word' id='word_1_89' title='bbox 225 1577 361 1663; x_wconf 73' lang='grc' dir='ltr'><strong><em>έτοιμόλ</em></strong></span> <span class='ocrx_word' id='word_1_90' title='bbox 382 1580 482 1671; x_wconf 71' lang='grc' dir='ltr'><strong><em>βοόλφ</em></strong></span> <span class='ocrx_word' id='word_1_91' title='bbox 505 1576 580 1644; x_wconf 76' lang='grc' dir='ltr'><strong><em>τάπ’</em></strong></span> <span class='ocrx_word' id='word_1_92' title='bbox 595 1578 684 1662; x_wconf 73' lang='grc' dir='ltr'><strong><em>ἐμοῦ.</em></strong></span> <span class='ocrx_word' id='word_1_93' title='bbox 728 1579 855 1666; x_wconf 79' lang='grc' dir='ltr'><strong><em>δράσεις</em></strong></span> <span class='ocrx_word' id='word_1_94' title='bbox 872 1578 915 1645; x_wconf 72' lang='grc' dir='ltr'><strong><em>δὲ</em></strong></span> <span class='ocrx_word' id='word_1_95' title='bbox 937 1582 982 1657; x_wconf 74' lang='grc' dir='ltr'><strong><em>τίς</em></strong></span> 
     </span>
     <span class='ocr_line' id='line_1_14' title="bbox 121 1683 953 1771; baseline -0.001 -21"><span class='ocrx_word' id='word_1_96' title='bbox 121 1688 198 1750; x_wconf 85' lang='grc' dir='ltr'><strong><em>ΑΘ.</em></strong></span> <span class='ocrx_word' id='word_1_97' title='bbox 226 1685 386 1771; x_wconf 79' lang='grc' dir='ltr'><strong><em>δύστηνον</em></strong></span> <span class='ocrx_word' id='word_1_98' title='bbox 406 1683 517 1761; x_wconf 78' lang='grc' dir='ltr'><strong><em>αὐτοῖς</em></strong></span> <span class='ocrx_word' id='word_1_99' title='bbox 538 1685 655 1754; x_wconf 82' lang='grc' dir='ltr'><strong><em>νόστον</em></strong></span> <span class='ocrx_word' id='word_1_100' title='bbox 676 1684 831 1769; x_wconf 73' lang='grc' dir='ltr'><strong><em>ἐμβαλεῖν</em></strong></span> <span class='ocrx_word' id='word_1_101' title='bbox 851 1685 953 1751; x_wconf 87' lang='grc' dir='ltr'><strong><em>θέλω.</em></strong></span> 
     </span>
     <span class='ocr_line' id='line_1_15' title="bbox 121 1788 923 1883; baseline -0.001 -28"><span class='ocrx_word' id='word_1_102' title='bbox 121 1797 195 1856; x_wconf 89' lang='lat'><strong><em>110.</em></strong></span> <span class='ocrx_word' id='word_1_103' title='bbox 223 1790 260 1857; x_wconf 77' lang='grc' dir='ltr'><strong><em>ἒν</em></strong></span> <span class='ocrx_word' id='word_1_104' title='bbox 280 1792 321 1883; x_wconf 78' lang='grc' dir='ltr'><strong><em>γῇ</em></strong></span> <span class='ocrx_word' id='word_1_105' title='bbox 343 1788 508 1875; x_wconf 82' lang='grc' dir='ltr'><strong><em>μενόντων</em></strong></span> <span class='ocrx_word' id='word_1_106' title='bbox 530 1793 553 1878; x_wconf 80' lang='grc' dir='ltr'><em>ἤ</em></span> <span class='ocrx_word' id='word_1_107' title='bbox 574 1788 819 1880; x_wconf 78' lang='grc' dir='ltr'><strong><em>καθ’άλμυράν</em></strong></span> <span class='ocrx_word' id='word_1_108' title='bbox 841 1790 923 1870; x_wconf 84' lang='grc' dir='ltr'><strong><em>άλα,Ι</em></strong></span> 
     </span>
     <span class='ocr_line' id='line_1_16' title="bbox 121 1891 953 1984; baseline -0.004 -21"><span class='ocrx_word' id='word_1_109' title='bbox 121 1901 198 1963; x_wconf 80' lang='grc' dir='ltr'><strong><em>ΛΘ.</em></strong></span> <span class='ocrx_word' id='word_1_110' title='bbox 225 1897 305 1965; x_wconf 82' lang='grc' dir='ltr'><strong><em>ὅταν</em></strong></span> <span class='ocrx_word' id='word_1_111' title='bbox 327 1894 409 1984; x_wconf 85' lang='grc' dir='ltr'><strong><em>πρός</em></strong></span> <span class='ocrx_word' id='word_1_112' title='bbox 431 1901 540 1973; x_wconf 79' lang='grc' dir='ltr'><strong><em>οἴκους</em></strong></span> <span class='ocrx_word' id='word_1_113' title='bbox 562 1894 762 1963; x_wconf 74' lang='grc' dir='ltr'><strong><em>ναοστολώδ</em></strong></span> <span class='ocrx_word' id='word_1_114' title='bbox 775 1894 833 1963; x_wconf 79' lang='grc' dir='ltr'><strong><em>ἀπ’</em></strong></span> <span class='ocrx_word' id='word_1_115' title='bbox 848 1891 953 1962; x_wconf 87' lang='grc' dir='ltr'><strong><em>Ἰλίου.</em></strong></span> 
     </span>
     <span class='ocr_line' id='line_1_17' title="bbox 225 2000 1018 2092; baseline 0.003 -23"><span class='ocrx_word' id='word_1_116' title='bbox 225 2009 280 2069; x_wconf 78' lang='grc' dir='ltr'><strong><em>καῖ</em></strong></span> <span class='ocrx_word' id='word_1_117' title='bbox 301 2000 384 2080; x_wconf 86' lang='grc' dir='ltr'><strong><em>Ζεδς</em></strong></span> <span class='ocrx_word' id='word_1_118' title='bbox 405 2007 466 2088; x_wconf 73' lang='grc' dir='ltr'><strong><em>μὲν</em></strong></span> <span class='ocrx_word' id='word_1_119' title='bbox 488 2004 609 2092; x_wconf 85' lang='grc' dir='ltr'><strong><em>ὄμβρον</em></strong></span> <span class='ocrx_word' id='word_1_120' title='bbox 632 2008 687 2067; x_wconf 73' lang='grc' dir='ltr'><strong><em>καὶ</em></strong></span> <span class='ocrx_word' id='word_1_121' title='bbox 709 2001 856 2083; x_wconf 87' lang='grc' dir='ltr'><strong><em>χάλαζαν</em></strong></span> <span class='ocrx_word' id='word_1_122' title='bbox 877 2002 1018 2071; x_wconf 80' lang='grc' dir='ltr'><strong><em>ἄσπετον</em></strong></span> 
     </span>
     <span class='ocr_line' id='line_1_18' title="bbox 225 2104 942 2200; baseline -0.003 -24"><span class='ocrx_word' id='word_1_123' title='bbox 225 2114 349 2200; x_wconf 81' lang='grc' dir='ltr'><strong><em>πέμψει</em></strong></span> <span class='ocrx_word' id='word_1_124' title='bbox 371 2111 526 2197; x_wconf 76' lang='grc' dir='ltr'><strong><em>γνοφώδη</em></strong></span> <span class='ocrx_word' id='word_1_125' title='bbox 548 2109 579 2175; x_wconf 74' lang='grc' dir='ltr'><strong><em>τ’</em></strong></span> <span class='ocrx_word' id='word_1_126' title='bbox 592 2112 729 2197; x_wconf 71' lang='grc' dir='ltr'><strong><em>αἰθέρος</em></strong></span> <span class='ocrx_word' id='word_1_127' title='bbox 751 2104 942 2197; x_wconf 77' lang='grc' dir='ltr'><strong><em>φυσήματα,</em></strong></span> 
     </span>
     <span class='ocr_line' id='line_1_19' title="bbox 225 2215 877 2304; baseline 0 -23"><span class='ocrx_word' id='word_1_128' title='bbox 225 2215 297 2302; x_wconf 80' lang='grc' dir='ltr'><strong><em>έμοῖ</em></strong></span> <span class='ocrx_word' id='word_1_129' title='bbox 320 2217 357 2282; x_wconf 75' lang='grc' dir='ltr'><strong><em>δὲ</em></strong></span> <span class='ocrx_word' id='word_1_130' title='bbox 380 2216 496 2284; x_wconf 82' lang='grc' dir='ltr'><strong><em>δώσειν</em></strong></span> <span class='ocrx_word' id='word_1_131' title='bbox 518 2222 599 2304; x_wconf 76' lang='grc' dir='ltr'><strong><em>φησὶ</em></strong></span> <span class='ocrx_word' id='word_1_132' title='bbox 620 2218 685 2301; x_wconf 73' lang='grc' dir='ltr'><strong><em>πῦρ</em></strong></span> <span class='ocrx_word' id='word_1_133' title='bbox 708 2216 877 2304; x_wconf 84' lang='grc' dir='ltr'><strong><em>κεραύνιον</em></strong></span> 
     </span>
     <span class='ocr_line' id='line_1_20' title="bbox 225 2319 1001 2411; baseline 0 -24"><span class='ocrx_word' id='word_1_134' title='bbox 225 2322 360 2406; x_wconf 85' lang='grc' dir='ltr'><strong><em>βάλλειν</em></strong></span> <span class='ocrx_word' id='word_1_135' title='bbox 377 2319 530 2402; x_wconf 81' lang='grc' dir='ltr'><strong><em>’Λχαιοός</em></strong></span> <span class='ocrx_word' id='word_1_136' title='bbox 552 2328 631 2398; x_wconf 82' lang='grc' dir='ltr'><strong><em>ναός</em></strong></span> <span class='ocrx_word' id='word_1_137' title='bbox 652 2347 687 2387; x_wconf 90' lang='grc' dir='ltr'><strong><em>τε</em></strong></span> <span class='ocrx_word' id='word_1_138' title='bbox 710 2322 892 2409; x_wconf 85' lang='grc' dir='ltr'><strong><em>πιμπράναι</em></strong></span> <span class='ocrx_word' id='word_1_139' title='bbox 913 2327 1001 2411; x_wconf 89' lang='grc' dir='ltr'><strong><em>πυρί.</em></strong></span> 
     </span>
     <span class='ocr_line' id='line_1_21' title="bbox 227 2425 997 2518; baseline 0 -23"><span class='ocrx_word' id='word_1_140' title='bbox 227 2425 266 2495; x_wconf 83' lang='grc' dir='ltr'><strong><em>σδ</em></strong></span> <span class='ocrx_word' id='word_1_141' title='bbox 291 2425 382 2495; x_wconf 83' lang='grc' dir='ltr'><strong><em>δἀό</em></strong></span> <span class='ocrx_word' id='word_1_142' title='bbox 404 2425 441 2493; x_wconf 86' lang='grc' dir='ltr'><strong><em>τό</em></strong></span> <span class='ocrx_word' id='word_1_143' title='bbox 465 2426 525 2496; x_wconf 84' lang='grc' dir='ltr'><strong><em>σόν</em></strong></span> <span class='ocrx_word' id='word_1_144' title='bbox 546 2430 708 2518; x_wconf 85' lang='grc' dir='ltr'><strong><em>παράσχες</em></strong></span> <span class='ocrx_word' id='word_1_145' title='bbox 730 2432 871 2509; x_wconf 80' lang='grc' dir='ltr'><strong><em>Αἴγαιον</em></strong></span> <span class='ocrx_word' id='word_1_146' title='bbox 894 2428 997 2515; x_wconf 91' lang='grc' dir='ltr'><strong><em>πόρον</em></strong></span> 
     </span>
     <span class='ocr_line' id='line_1_22' title="bbox 226 2528 907 2622; baseline 0 -23"><span class='ocrx_word' id='word_1_147' title='bbox 226 2539 403 2622; x_wconf 77' lang='grc' dir='ltr'><strong><em>τρικυμίαις</em></strong></span> <span class='ocrx_word' id='word_1_148' title='bbox 424 2538 586 2621; x_wconf 86' lang='grc' dir='ltr'><strong><em>βρέμοντα</em></strong></span> <span class='ocrx_word' id='word_1_149' title='bbox 609 2539 663 2601; x_wconf 79' lang='grc' dir='ltr'><strong><em>καὶ</em></strong></span> <span class='ocrx_word' id='word_1_150' title='bbox 686 2536 791 2610; x_wconf 85' lang='grc' dir='ltr'><strong><em>δίναις</em></strong></span> <span class='ocrx_word' id='word_1_151' title='bbox 813 2528 907 2612; x_wconf 86' lang='grc' dir='ltr'><strong><em>άλός,</em></strong></span> 
     </span>
     <span class='ocr_line' id='line_1_23' title="bbox 226 2630 1091 2728; baseline 0.001 -22"><span class='ocrx_word' id='word_1_152' title='bbox 226 2640 351 2727; x_wconf 79' lang='grc' dir='ltr'><strong><em>πλῆσον</em></strong></span> <span class='ocrx_word' id='word_1_153' title='bbox 374 2641 412 2707; x_wconf 78' lang='grc' dir='ltr'><strong><em>δὲ</em></strong></span> <span class='ocrx_word' id='word_1_154' title='bbox 433 2643 556 2728; x_wconf 88' lang='grc' dir='ltr'><strong><em>νεκρώυ</em></strong></span> <span class='ocrx_word' id='word_1_155' title='bbox 577 2640 688 2709; x_wconf 89' lang='grc' dir='ltr'><strong><em>κοῖλον</em></strong></span> <span class='ocrx_word' id='word_1_156' title='bbox 711 2637 850 2724; x_wconf 80' lang='grc' dir='ltr'><strong><em>Εὐβοίας</em></strong></span> <span class='ocrx_word' id='word_1_157' title='bbox 872 2630 983 2725; x_wconf 89' lang='grc' dir='ltr'><strong><em>μυχόν,</em></strong></span> <span class='ocrx_word' id='word_1_158' title='bbox 1090 2663 1091 2666; x_wconf 69' lang='grc'>’</span> 
     </span>
     <span class='ocr_line' id='line_1_24' title="bbox 227 2743 952 2835; baseline 0 -22"><span class='ocrx_word' id='word_1_159' title='bbox 227 2746 270 2825; x_wconf 84' lang='grc' dir='ltr'><strong><em>ώς</em></strong></span> <span class='ocrx_word' id='word_1_160' title='bbox 291 2751 336 2816; x_wconf 84' lang='grc' dir='ltr'><strong><em>άν</em></strong></span> <span class='ocrx_word' id='word_1_161' title='bbox 356 2743 393 2814; x_wconf 84' lang='grc' dir='ltr'><strong><em>τό</em></strong></span> <span class='ocrx_word' id='word_1_162' title='bbox 416 2743 533 2815; x_wconf 86' lang='grc' dir='ltr'><strong><em>λοιπόν</em></strong></span> <span class='ocrx_word' id='word_1_163' title='bbox 556 2744 630 2832; x_wconf 77' lang='grc' dir='ltr'><strong><em>τᾶμ’</em></strong></span> <span class='ocrx_word' id='word_1_164' title='bbox 644 2744 797 2835; x_wconf 78' lang='grc' dir='ltr'><strong><em>ἀνάκτορ’</em></strong></span> <span class='ocrx_word' id='word_1_165' title='bbox 810 2744 952 2831; x_wconf 79' lang='grc' dir='ltr'><strong><em>εὐσεβεῖν</em></strong></span> 
     </span>
     <span class='ocr_line' id='line_1_25' title="bbox 227 2850 1027 2937; baseline 0.001 -19"><span class='ocrx_word' id='word_1_166' title='bbox 227 2853 336 2921; x_wconf 68' lang='grc' dir='ltr'><strong><em>είδώώ</em></strong></span> <span class='ocrx_word' id='word_1_167' title='bbox 346 2852 474 2936; x_wconf 77' lang='grc' dir='ltr'><strong><em>’Λχαιοῖ</em></strong></span> <span class='ocrx_word' id='word_1_168' title='bbox 494 2855 596 2930; x_wconf 84' lang='grc' dir='ltr'><strong><em>θεούς</em></strong></span> <span class='ocrx_word' id='word_1_169' title='bbox 617 2879 652 2919; x_wconf 89' lang='grc' dir='ltr'><strong><em>τε</em></strong></span> <span class='ocrx_word' id='word_1_170' title='bbox 674 2850 749 2930; x_wconf 79' lang='grc' dir='ltr'><strong><em>τούς</em></strong></span> <span class='ocrx_word' id='word_1_171' title='bbox 771 2851 891 2929; x_wconf 83' lang='grc' dir='ltr'><strong><em>ἄλλους</em></strong></span> <span class='ocrx_word' id='word_1_172' title='bbox 914 2857 1027 2937; x_wconf 91' lang='grc' dir='ltr'><strong><em>σέβειν.</em></strong></span> 
     </span>
     <span class='ocr_line' id='line_1_26' title="bbox 121 2956 1029 3049; baseline 0.001 -24"><span class='ocrx_word' id='word_1_173' title='bbox 121 2967 196 3027; x_wconf 88' lang='grc' dir='ltr'><strong><em>ΠΟ.</em></strong></span> <span class='ocrx_word' id='word_1_174' title='bbox 224 2959 314 3027; x_wconf 76' lang='grc' dir='ltr'><strong><em>ἔσται</em></strong></span> <span class='ocrx_word' id='word_1_175' title='bbox 335 2959 409 3027; x_wconf 66' lang='grc' dir='ltr'><strong><em>τάδο</em></strong></span> <span class='ocrx_word' id='word_1_176' title='bbox 419 2978 427 2995; x_wconf 86' lang='grc'><em>·</em></span> <span class='ocrx_word' id='word_1_177' title='bbox 461 2959 481 3048; x_wconf 75' lang='grc' dir='ltr'><em>ἢ</em></span> <span class='ocrx_word' id='word_1_178' title='bbox 504 2960 597 3047; x_wconf 90' lang='grc' dir='ltr'><strong><em>χάρις</em></strong></span> <span class='ocrx_word' id='word_1_179' title='bbox 611 2956 682 3049; x_wconf 83' lang='grc' dir='ltr'><strong><em>’γάρ</em></strong></span> <span class='ocrx_word' id='word_1_180' title='bbox 706 2957 745 3026; x_wconf 80' lang='grc' dir='ltr'><strong><em>οὗ</em></strong></span> <span class='ocrx_word' id='word_1_181' title='bbox 766 2960 900 3045; x_wconf 87' lang='grc' dir='ltr'><strong><em>μακρών</em></strong></span> <span class='ocrx_word' id='word_1_182' title='bbox 922 2956 1029 3042; x_wconf 88' lang='grc' dir='ltr'><strong><em>λόγων</em></strong></span> 
     </span>
     <span class='ocr_line' id='line_1_27' title="bbox 228 3064 948 3152; baseline -0.004 -19"><span class='ocrx_word' id='word_1_183' title='bbox 228 3067 345 3133; x_wconf 88' lang='grc' dir='ltr'><strong><em>δεῖται·</em></strong></span> <span class='ocrx_word' id='word_1_184' title='bbox 380 3064 511 3152; x_wconf 85' lang='grc' dir='ltr'><strong><em>ταράξω</em></strong></span> <span class='ocrx_word' id='word_1_185' title='bbox 534 3067 676 3148; x_wconf 87' lang='grc' dir='ltr'><strong><em>πέλαγος</em></strong></span> <span class='ocrx_word' id='word_1_186' title='bbox 698 3066 840 3146; x_wconf 82' lang='grc' dir='ltr'><strong><em>Αίγαίας</em></strong></span> <span class='ocrx_word' id='word_1_187' title='bbox 861 3064 948 3142; x_wconf 75' lang='grc' dir='ltr'><strong><em>ἁλός.</em></strong></span> 
     </span>
     <span class='ocr_line' id='line_1_28' title="bbox 227 3170 930 3259; baseline -0.001 -22"><span class='ocrx_word' id='word_1_188' title='bbox 227 3171 322 3239; x_wconf 76' lang='grc' dir='ltr'><strong><em>άκταῖ</em></strong></span> <span class='ocrx_word' id='word_1_189' title='bbox 346 3175 384 3239; x_wconf 75' lang='grc' dir='ltr'><strong><em>δὲ</em></strong></span> <span class='ocrx_word' id='word_1_190' title='bbox 405 3175 564 3241; x_wconf 80' lang='grc' dir='ltr'><strong><em>Μυκόνου</em></strong></span> <span class='ocrx_word' id='word_1_191' title='bbox 585 3170 702 3259; x_wconf 77' lang='grc' dir='ltr'><strong><em>Δήλιοί</em></strong></span> <span class='ocrx_word' id='word_1_192' title='bbox 723 3196 757 3236; x_wconf 89' lang='grc' dir='ltr'><strong><em>τε</em></strong></span> <span class='ocrx_word' id='word_1_193' title='bbox 779 3172 930 3259; x_wconf 78' lang='grc' dir='ltr'><strong><em>χοιράδες</em></strong></span> 
     </span>
     <span class='ocr_line' id='line_1_29' title="bbox 228 3276 1033 3367; baseline 0.001 -23"><span class='ocrx_word' id='word_1_194' title='bbox 228 3281 350 3366; x_wconf 78' lang='grc' dir='ltr'><strong><em>Σκῦρός</em></strong></span> <span class='ocrx_word' id='word_1_195' title='bbox 371 3303 405 3344; x_wconf 87' lang='grc' dir='ltr'><strong><em>τε</em></strong></span> <span class='ocrx_word' id='word_1_196' title='bbox 429 3280 561 3367; x_wconf 76' lang='grc' dir='ltr'><strong><em>Λῆμνός</em></strong></span> <span class='ocrx_word' id='word_1_197' title='bbox 582 3276 621 3343; x_wconf 76' lang='grc' dir='ltr'><strong><em>θ’</em></strong></span> <span class='ocrx_word' id='word_1_198' title='bbox 635 3277 670 3343; x_wconf 83' lang='grc' dir='ltr'><strong><em>οά</em></strong></span> <span class='ocrx_word' id='word_1_199' title='bbox 692 3276 873 3367; x_wconf 80' lang='grc' dir='ltr'><strong><em>Καφήρειοί</em></strong></span> <span class='ocrx_word' id='word_1_200' title='bbox 893 3277 923 3344; x_wconf 82' lang='grc' dir='ltr'><strong><em>τ’</em></strong></span> <span class='ocrx_word' id='word_1_201' title='bbox 936 3279 1033 3365; x_wconf 84' lang='grc' dir='ltr'><strong><em>ἄκραι</em></strong></span> 
     </span>
     <span class='ocr_line' id='line_1_30' title="bbox 226 3383 1007 3474; baseline -0.001 -23"><span class='ocrx_word' id='word_1_202' title='bbox 226 3385 358 3452; x_wconf 80' lang='grc' dir='ltr'><strong><em>πολλῶν</em></strong></span> <span class='ocrx_word' id='word_1_203' title='bbox 379 3386 556 3452; x_wconf 81' lang='grc' dir='ltr'><strong><em>θανόντων</em></strong></span> <span class='ocrx_word' id='word_1_204' title='bbox 579 3383 711 3469; x_wconf 79' lang='grc' dir='ltr'><strong><em>σώμαθ’</em></strong></span> <span class='ocrx_word' id='word_1_205' title='bbox 726 3389 854 3465; x_wconf 74' lang='grc' dir='ltr'><strong><em>ἕξουσιν</em></strong></span> <span class='ocrx_word' id='word_1_206' title='bbox 875 3387 1007 3474; x_wconf 83' lang='grc' dir='ltr'><strong><em>νεκράν.</em></strong></span> 
     </span>
     <span class='ocr_line' id='line_1_31' title="bbox 227 3488 975 3577; baseline 0 -21"><span class='ocrx_word' id='word_1_207' title='bbox 227 3489 301 3557; x_wconf 76' lang='grc' dir='ltr'><strong><em>ἄλλ’</em></strong></span> <span class='ocrx_word' id='word_1_208' title='bbox 315 3490 387 3575; x_wconf 77' lang='grc' dir='ltr'><strong><em>ἕρπ’</em></strong></span> <span class='ocrx_word' id='word_1_209' title='bbox 398 3490 565 3577; x_wconf 84' lang='grc' dir='ltr'><strong><em>Ὄλυμπον</em></strong></span> <span class='ocrx_word' id='word_1_210' title='bbox 587 3498 641 3557; x_wconf 80' lang='grc' dir='ltr'><strong><em>καὶ</em></strong></span> <span class='ocrx_word' id='word_1_211' title='bbox 663 3495 850 3577; x_wconf 87' lang='grc' dir='ltr'><strong><em>κεραυνίους</em></strong></span> <span class='ocrx_word' id='word_1_212' title='bbox 871 3488 975 3575; x_wconf 82' lang='grc' dir='ltr'><strong><em>βολάς</em></strong></span> 
     </span>
     <span class='ocr_line' id='line_1_32' title="bbox 227 3595 913 3685; baseline -0.003 -23"><span class='ocrx_word' id='word_1_213' title='bbox 227 3597 376 3681; x_wconf 82' lang='grc' dir='ltr'><strong><em>λαβοῦσα</em></strong></span> <span class='ocrx_word' id='word_1_214' title='bbox 397 3595 520 3681; x_wconf 87' lang='grc' dir='ltr'><strong><em>πατρός</em></strong></span> <span class='ocrx_word' id='word_1_215' title='bbox 543 3598 577 3663; x_wconf 81' lang='grc' dir='ltr'><strong><em>έν</em></strong></span> <span class='ocrx_word' id='word_1_216' title='bbox 599 3599 703 3684; x_wconf 78' lang='grc' dir='ltr'><strong><em>χεροῖν</em></strong></span> <span class='ocrx_word' id='word_1_217' title='bbox 726 3597 913 3685; x_wconf 88' lang='grc' dir='ltr'><strong><em>καραδόκει,</em></strong></span> 
     </span>
     <span class='ocr_line' id='line_1_33' title="bbox 226 3698 892 3793; baseline -0.005 -24"><span class='ocrx_word' id='word_1_218' title='bbox 226 3702 308 3770; x_wconf 84' lang='grc' dir='ltr'><strong><em>ὅταν</em></strong></span> <span class='ocrx_word' id='word_1_219' title='bbox 331 3701 500 3789; x_wconf 84' lang='grc' dir='ltr'><strong><em>στράτευμ’</em></strong></span> <span class='ocrx_word' id='word_1_220' title='bbox 519 3698 664 3790; x_wconf 82' lang='grc' dir='ltr'><strong><em>Ἀργεῖον</em></strong></span> <span class='ocrx_word' id='word_1_221' title='bbox 686 3704 754 3793; x_wconf 75' lang='grc' dir='ltr'><strong><em>έξίῃ</em></strong></span> <span class='ocrx_word' id='word_1_222' title='bbox 776 3703 892 3777; x_wconf 90' lang='grc' dir='ltr'><strong><em>κάλως.</em></strong></span> 
     </span>
     <span class='ocr_line' id='line_1_34' title="bbox 226 3806 982 3897; baseline -0.005 -21"><span class='ocrx_word' id='word_1_223' title='bbox 226 3810 334 3897; x_wconf 88' lang='grc' dir='ltr'><strong><em>μώρος</em></strong></span> <span class='ocrx_word' id='word_1_224' title='bbox 358 3811 395 3875; x_wconf 78' lang='grc' dir='ltr'><strong><em>δὲ</em></strong></span> <span class='ocrx_word' id='word_1_225' title='bbox 417 3811 551 3896; x_wconf 84' lang='grc' dir='ltr'><strong><em>θνητών</em></strong></span> <span class='ocrx_word' id='word_1_226' title='bbox 572 3812 657 3887; x_wconf 86' lang='grc' dir='ltr'><strong><em>όσιις</em></strong></span> <span class='ocrx_word' id='word_1_227' title='bbox 680 3810 839 3894; x_wconf 73' lang='grc' dir='ltr'><strong><em>ἐκπορθεῖ</em></strong></span> <span class='ocrx_word' id='word_1_228' title='bbox 858 3806 982 3885; x_wconf 84' lang='grc' dir='ltr'><strong><em>πόλεις·</em></strong></span> 
     </span>
     <span class='ocr_line' id='line_1_35' title="bbox 229 3913 1028 4005; baseline -0.003 -23"><span class='ocrx_word' id='word_1_229' title='bbox 229 3919 328 3993; x_wconf 85' lang='grc' dir='ltr'><strong><em>ναούς</em></strong></span> <span class='ocrx_word' id='word_1_230' title='bbox 350 3941 384 3982; x_wconf 92' lang='grc' dir='ltr'><strong><em>τε</em></strong></span> <span class='ocrx_word' id='word_1_231' title='bbox 405 3916 545 4001; x_wconf 88' lang='grc' dir='ltr'><strong><em>τόμβους</em></strong></span> <span class='ocrx_word' id='word_1_232' title='bbox 566 3914 617 3995; x_wconf 76' lang='grc' dir='ltr'><strong><em>θ’,</em></strong></span> <span class='ocrx_word' id='word_1_233' title='bbox 640 3913 711 4005; x_wconf 71' lang='grc' dir='ltr'><strong><em>ἱερά</em></strong></span> <span class='ocrx_word' id='word_1_234' title='bbox 734 3921 798 3982; x_wconf 85' lang='grc' dir='ltr'><strong><em>τών</em></strong></span> <span class='ocrx_word' id='word_1_235' title='bbox 820 3916 1028 4002; x_wconf 84' lang='grc' dir='ltr'><strong><em>κεκμηκότων,</em></strong></span> 
     </span>
     <span class='ocr_line' id='line_1_36' title="bbox 229 4019 849 4111; baseline 0.003 -26"><span class='ocrx_word' id='word_1_236' title='bbox 229 4021 345 4108; x_wconf 70' lang='grc' dir='ltr'><strong><em>ἐρημία</em></strong></span> <span class='ocrx_word' id='word_1_237' title='bbox 368 4020 447 4100; x_wconf 82' lang='grc' dir='ltr'><strong><em>δοδς</em></strong></span> <span class='ocrx_word' id='word_1_238' title='bbox 469 4020 567 4100; x_wconf 84' lang='grc' dir='ltr'><strong><em>αότδς</em></strong></span> <span class='ocrx_word' id='word_1_239' title='bbox 590 4019 849 4111; x_wconf 77' lang='grc' dir='ltr'><strong><em>ὤλεθ’όστερον.</em></strong></span> 
     </span>
     <span class='ocr_line' id='line_1_37' title="bbox 65 4141 440 4219; baseline 0.008 -22"><span class='ocrx_word' id='word_1_240' title='bbox 65 4141 109 4197; x_wconf 82' lang='lat'><strong><em>72.</em></strong></span> <span class='ocrx_word' id='word_1_241' title='bbox 136 4143 170 4200; x_wconf 82' lang='grc' dir='ltr'><strong><em>ε’.</em></strong></span> <span class='ocrx_word' id='word_1_242' title='bbox 244 4142 287 4199; x_wconf 72' lang='grc'><strong><em>94.</em></strong></span> <span class='ocrx_word' id='word_1_243' title='bbox 315 4143 440 4219; x_wconf 82' lang='grc' dir='ltr'><strong><em>ἀρχείων.</em></strong></span> 
     </span>
    </p>
   </div>
   <div class='ocr_carea' id='block_1_3' title="bbox 0 0 1316 4567">
    <p class='ocr_par' dir='ltr' id='par_1_3' title="bbox 0 0 1316 4567">
     <span class='ocr_line' id='line_1_38' title="bbox 0 0 1316 4567; baseline 0 0"><span class='ocrx_word' id='word_1_244' title='bbox 0 0 1316 4567; x_wconf 95' lang='lat' dir='ltr'><strong><em> </em></strong></span> 
     </span>
    </p>
   </div>
  </div>
 </body>
</html>
