2609 4567
644 208 667 279 5

545 307 758 317 *—

92 400 149 463 alia
174 421 263 463 rnanu
287 395 462 484 (Burgesius
486 397 523 463 ad
547 420 575 462 v.
593 392 674 461 619:
703 388 787 461 ‘hine
810 418 905 484 usqne
928 396 966 461 ad
988 396 1076 462 finem
1097 394 1216 462 fabulae

91 522 190 587 codex
214 522 388 587 Harleianus
417 521 455 587 ab
485 522 541 587 alia
572 519 701 608 quadam
730 542 818 585 manu
847 517 1051 604 describitur’)
1080 520 1216 587 fortassis

91 645 193 711 eadem
216 647 280 723 illa,
305 668 381 734 quae
403 649 512 734 prioris
537 648 630 733 partis
654 645 775 710 lacunas
798 646 965 733 supplevit,
990 668 1027 711 ex
1051 646 1110 711 alio
1127 658 1216 734 atque

90 771 142 835 illa
171 771 306 857 exemplo
337 769 485 858 descripta
514 792 577 835 esse
607 768 696 835 dotet
723 773 843 857 ingens,
874 791 932 857 qua
957 768 1069 836 distant
1091 793 1108 835 a
1130 770 1216 835 Pala·

90 897 172 971 tino,
202 894 410 981 discrepantia.
448 916 519 958 usus
548 894 660 959 scilieet
689 906 734 958 est
761 895 937 980 posterioris
959 897 1054 981 partis
1076 894 1215 959 librarius

92 1017 196 1083 codiee
219 1019 354 1106 exemplo
370 1019 531 1084 Havniensi
554 1019 717 1096 simillimo,
743 1040 830 1106 qnern
848 1020 917 1104 jure
941 1041 979 1083 ex
1002 1017 1107 1084 eodem
1126 1031 1216 1106 atque

90 1140 167 1207 illud
190 1142 352 1230 archetypo
376 1142 556 1230 descriptum
580 1166 644 1209 esse
667 1143 794 1220 dixeris,
820 1164 912 1231 quum
934 1141 1039 1208 iisdem
1054 1142 1216 1229 interpola-

90 1269 208 1331 tionum
237 1265 376 1332 sordibus
406 1279 531 1355 uterque
559 1268 635 1333 liber
664 1264 903 1354 deprehendatur
930 1265 1069 1331 foedatus
1092 1265 1214 1353 ubique.

92 1388 178 1477 quod
205 1402 239 1455 ut
266 1390 353 1478 quale
382 1393 421 1455 sit
448 1393 636 1478 intellegatur
664 1390 790 1454 indicem
817 1389 930 1474 subjeci
954 1410 1057 1454 eorum
1079 1391 1216 1455 lotorum

91 1518 123 1579 in
147 1512 257 1601 quibus
284 1513 454 1601 discrepant
475 1538 492 1579 a
516 1517 662 1602 scriptura
686 1515 755 1580 libri
779 1516 883 1601 optimi
902 1514 1054 1593 Vaticani,
1085 1535 1215 1602 quaeum

92 1636 215 1703 eandem
239 1660 302 1702 esse
326 1640 469 1725 originem
492 1651 609 1705 canstat
632 1640 727 1705 codini
743 1639 919 1717 Havniensi,
943 1661 1058 1717 summa
1074 1641 1132 1727 ipsi
1148 1639 1215 1705 uhi·

92 1784 152 1849 que
175 1760 350 1848 eoncordia:

340 1972 400 2027 Vat.
843 1972 928 2027 llarn.
947 1971 1019 2027 Harl.

127 2132 155 2168 v.
179 2110 239 2167 607.
263 2111 299 2172 ὥς
717 2129 767 2166 nm.

127 2238 153 2274 v.
178 2216 239 2273 636.
263 2221 336 2288 κείνη
353 2215 489 2291 σ’ὄμοίως
506 2215 542 2278 ὥς
715 2221 788 2285 κείνη
806 2216 944 2295 δ’ὃμοξως
961 2216 1049 2296 ὥσπερ
1092 2284 1095 2288 ,

127 2342 154 2379 v.
177 2322 238 2379 693.
263 2324 332 2392 σώσει
716 2325 793 2379 σώσει

127 2448 154 2486 v.
178 2428 239 2486 730.
263 2422 303 2486 ὧν
690 2497 692 2500 ¹
717 2420 739 2500 ᾧ

127 2555 154 2591 v.
178 2534 239 2591 731.
264 2534 310 2591 ὅδ’
718 2551 769 2588 nm.

126 2659 155 2698 v.
179 2640 240 2697 746.
264 2638 327 2697 nicei
716 2638 753 2699 otc

127 2764 154 2803 v.
177 2745 239 2803 769.
264 2764 315 2802 orn.
689 2744 763 2799 *uni

127 2870 154 2907 v.
178 2851 239 2909 785.
261 2854 410 2926 μονογενοῦ
713 2851 877 2924 μοναγενοῦς

127 2976 153 3013 v.
177 2956 238 3014 856.
262 2960 403 3027 ξεναπάτης
716 2957 901 3024 §ermaricus-

127 3082 154 3119 ν.
177 3062 240 3121 872.
264 3064 351 3137 οὔρεα
716 3064 815 3139 οὔρειον

127 3188 153 3225 v.
176 3168 238 3227 883.
264 3172 392 3231 d’nlxevc
715 3169 815 3242 aenove

127 3296 154 3332 v.
178 3274 239 3332 902.
263 3277 339 3349 μάθῃ
714 3276 806 3348 {addat

127 3401 152 3437 v.
177 3380 239 3437 904.
263 3386 325 3443 ἴσως
340 3382 391 3456 μὲν
408 3382 461 3439 κᾶν
478 3379 508 3439 εὖ
689 3379 703 3409 '¹
717 3385 778 3443 ἴσως
794 3382 846 3456 μὲν
863 3376 910 3438 οὖν
927 3377 957 3437 εὖ

126 3506 152 3544 v.
176 3487 238 3544 925.
261 3488 367 3562 ὠλόμην
685 3484 687 3487 ⁴
714 3488 829 3561 ὥλῶμην
845 3490 876 3544 δ’

127 3613 153 3649 v.
177 3593 239 3651 932.
263 3616 309 3651 νεν
717 3612 767 3648 nm.
882 3618 887 3627 ·
922 3585 925 3589 Δ

126 3719 153 3757 v.
177 3698 239 3756 944.
263 3704 329 3762 ναῦς
714 3700 793 3756 rata·

126 3826 152 3863 v.
177 3805 238 3863 965.
261 3810 398 3865 παιδιαῖσι
715 3808 838 3866 ααεδεαῖς

126 3933 153 3971 t'.
178 3910 238 3970 981.
261 3914 295 3971 ὃν
311 3917 405 3971 ἰδοῦσα
689 3910 748 3969 *dr
765 3914 796 3969 αὖ
812 3912 945 3987 γ’ῑδοῧσα
1060 3943 1063 3948 -

126 4040 152 4077 v.
179 4020 240 4078 988.
263 4024 350 4079 παῖδα
368 4022 420 4095 φῆς
437 4020 516 4095 ἄγειν
716 4021 803 4075 παῖδα
821 4020 873 4092 φής
891 4025 921 4074 σ·
938 4017 1077 4091 (y'llarl.)
1095 4018 1173 4091 ἄγειν

127 4149 152 4187 v.
161 4128 240 4187 1008.
263 4134 357 4205 πέμπω
715 4129 820 4200 πέμψω.
