<?xml version="1.0" encoding="UTF-8"?>
<!DOCTYPE html PUBLIC "-//W3C//DTD XHTML 1.0 Transitional//EN"
    "http://www.w3.org/TR/xhtml1/DTD/xhtml1-transitional.dtd">
<html xmlns="http://www.w3.org/1999/xhtml" xml:lang="en" lang="en">
 <head>
  <title>
</title>
<meta http-equiv="Content-Type" content="text/html;charset=utf-8" />
  <meta name='ocr-system' content='tesseract 3.04.00' />
  <meta name='ocr-capabilities' content='ocr_page ocr_carea ocr_par ocr_line ocrx_word'/>
</head>
<body>
  <div class='ocr_page' id='page_1' title='image "./euripidistroade00kircgoog_0007.png"; bbox 0 0 2609 4567; ppageno 0'>
   <div class='ocr_carea' id='block_1_1' title="bbox 422 1068 977 1190">
    <p class='ocr_par' dir='ltr' id='par_1_1' title="bbox 422 1068 977 1190">
     <span class='ocr_line' id='line_1_1' title="bbox 422 1068 977 1190; baseline 0.011 -5"><span class='ocrx_word' id='word_1_1' title='bbox 422 1088 866 1190; x_wconf 74' lang='lat' dir='ltr'>ananelum.</span> <span class='ocrx_word' id='word_1_2' title='bbox 972 1068 977 1077; x_wconf 84' lang='grc'><strong>’</strong></span> 
     </span>
    </p>
   </div>
   <div class='ocr_carea' id='block_1_2' title="bbox 85 1484 1205 1610">
    <p class='ocr_par' dir='ltr' id='par_1_2' title="bbox 85 1484 1205 1610">
     <span class='ocr_line' id='line_1_2' title="bbox 85 1484 1205 1610; baseline -0.003 -18"><span class='ocrx_word' id='word_1_3' title='bbox 85 1484 254 1610; x_wconf 71' lang='lat' dir='ltr'>Euripidis</span> <span class='ocrx_word' id='word_1_4' title='bbox 270 1522 405 1587; x_wconf 79' lang='lat' dir='ltr'>Troades</span> <span class='ocrx_word' id='word_1_5' title='bbox 422 1544 539 1599; x_wconf 92' lang='lat' dir='ltr'>eorum,</span> <span class='ocrx_word' id='word_1_6' title='bbox 565 1544 641 1609; x_wconf 91' lang='lat' dir='ltr'>quos</span> <span class='ocrx_word' id='word_1_7' title='bbox 656 1527 792 1588; x_wconf 88' lang='lat' dir='ltr'>recensui</span> <span class='ocrx_word' id='word_1_8' title='bbox 807 1524 991 1610; x_wconf 76' lang='lat' dir='ltr'>praefatione</span> <span class='ocrx_word' id='word_1_9' title='bbox 1006 1526 1045 1589; x_wconf 92' lang='lat' dir='ltr'>ad</span> <span class='ocrx_word' id='word_1_10' title='bbox 1059 1524 1205 1603; x_wconf 77' lang='lat' dir='ltr'>Medeam,</span> 
     </span>
    </p>
   </div>
   <div class='ocr_carea' id='block_1_3' title="bbox 81 1642 1271 4089">
    <p class='ocr_par' dir='ltr' id='par_1_3' title="bbox 81 1642 1271 3713">
     <span class='ocr_line' id='line_1_3' title="bbox 85 1642 1206 1730; baseline 0.001 -17"><span class='ocrx_word' id='word_1_11' title='bbox 85 1649 228 1713; x_wconf 89' lang='lat' dir='ltr'>librorum</span> <span class='ocrx_word' id='word_1_12' title='bbox 253 1650 405 1712; x_wconf 81' lang='lat' dir='ltr'>continent</span> <span class='ocrx_word' id='word_1_13' title='bbox 419 1646 583 1712; x_wconf 78' lang='lat' dir='ltr'>Vaticanus</span> <span class='ocrx_word' id='word_1_14' title='bbox 604 1643 645 1728; x_wconf 83' lang='lat' dir='ltr'>(A</span> <span class='ocrx_word' id='word_1_15' title='bbox 654 1642 690 1730; x_wconf 77' lang='lat'>¹),</span> <span class='ocrx_word' id='word_1_16' title='bbox 715 1648 890 1712; x_wconf 88' lang='lat' dir='ltr'>Havniensis</span> <span class='ocrx_word' id='word_1_17' title='bbox 913 1644 942 1729; x_wconf 88' lang='lat' dir='ltr'>(c</span> <span class='ocrx_word' id='word_1_18' title='bbox 951 1643 988 1730; x_wconf 87' lang='lat'>¹),</span> <span class='ocrx_word' id='word_1_19' title='bbox 1016 1649 1206 1714; x_wconf 82' lang='lat' dir='ltr'>Florentinus</span> 
     </span>
     <span class='ocr_line' id='line_1_4' title="bbox 87 1766 1206 1859; baseline 0.003 -23"><span class='ocrx_word' id='word_1_20' title='bbox 87 1774 185 1837; x_wconf 90' lang='lat' dir='ltr'>Vossii</span> <span class='ocrx_word' id='word_1_21' title='bbox 208 1766 277 1853; x_wconf 72' lang='grc' dir='ltr'>(ε’),</span> <span class='ocrx_word' id='word_1_22' title='bbox 300 1771 426 1836; x_wconf 79' lang='lat' dir='ltr'>Palatini</span> <span class='ocrx_word' id='word_1_23' title='bbox 449 1770 509 1834; x_wconf 90' lang='lat' dir='ltr'>duc</span> <span class='ocrx_word' id='word_1_24' title='bbox 534 1766 582 1851; x_wconf 90' lang='lat' dir='ltr'>(a¹</span> <span class='ocrx_word' id='word_1_25' title='bbox 605 1784 634 1835; x_wconf 90' lang='lat' dir='ltr'>et</span> <span class='ocrx_word' id='word_1_26' title='bbox 656 1769 700 1852; x_wconf 82' lang='lat' dir='ltr'>a).</span> <span class='ocrx_word' id='word_1_27' title='bbox 735 1784 765 1836; x_wconf 91' lang='lat' dir='ltr'>et</span> <span class='ocrx_word' id='word_1_28' title='bbox 786 1772 962 1837; x_wconf 85' lang='lat' dir='ltr'>Havniensis</span> <span class='ocrx_word' id='word_1_29' title='bbox 986 1772 1105 1859; x_wconf 88' lang='lat' dir='ltr'>quidem</span> <span class='ocrx_word' id='word_1_30' title='bbox 1128 1774 1206 1839; x_wconf 88' lang='lat' dir='ltr'>Vos·</span> 
     </span>
     <span class='ocr_line' id='line_1_5' title="bbox 85 1893 1205 1983; baseline 0.001 -23"><span class='ocrx_word' id='word_1_31' title='bbox 85 1899 219 1983; x_wconf 89' lang='lat' dir='ltr'>sianique</span> <span class='ocrx_word' id='word_1_32' title='bbox 237 1897 408 1959; x_wconf 88' lang='lat' dir='ltr'>varietatem</span> <span class='ocrx_word' id='word_1_33' title='bbox 433 1895 502 1958; x_wconf 89' lang='lat' dir='ltr'>olim</span> <span class='ocrx_word' id='word_1_34' title='bbox 527 1893 608 1958; x_wconf 89' lang='lat' dir='ltr'>dedit</span> <span class='ocrx_word' id='word_1_35' title='bbox 622 1893 780 1972; x_wconf 85' lang='lat' dir='ltr'>Matthiae,</span> <span class='ocrx_word' id='word_1_36' title='bbox 805 1895 941 1960; x_wconf 90' lang='lat' dir='ltr'>Vaticani</span> <span class='ocrx_word' id='word_1_37' title='bbox 965 1909 1069 1982; x_wconf 87' lang='lat' dir='ltr'>postea</span> <span class='ocrx_word' id='word_1_38' title='bbox 1094 1897 1205 1983; x_wconf 86' lang='lat' dir='ltr'>publici</span> 
     </span>
     <span class='ocr_line' id='line_1_6' title="bbox 81 2016 1271 2106; baseline 0.001 -22"><span class='ocrx_word' id='word_1_39' title='bbox 81 2023 159 2106; x_wconf 76' lang='lat' dir='ltr'>puris</span> <span class='ocrx_word' id='word_1_40' title='bbox 181 2019 251 2083; x_wconf 87' lang='lat' dir='ltr'>fecit</span> <span class='ocrx_word' id='word_1_41' title='bbox 274 2017 308 2083; x_wconf 87' lang='lat' dir='ltr'>G.</span> <span class='ocrx_word' id='word_1_42' title='bbox 326 2017 514 2095; x_wconf 82' lang='lat' dir='ltr'>Dindorfius3</span> <span class='ocrx_word' id='word_1_43' title='bbox 544 2017 623 2082; x_wconf 90' lang='lat' dir='ltr'>unde</span> <span class='ocrx_word' id='word_1_44' title='bbox 645 2018 848 2083; x_wconf 80' lang='lat' dir='ltr'>Palatinarum</span> <span class='ocrx_word' id='word_1_45' title='bbox 871 2019 1008 2096; x_wconf 88' lang='lat' dir='ltr'>alterius,</span> <span class='ocrx_word' id='word_1_46' title='bbox 1038 2016 1081 2098; x_wconf 86' lang='lat' dir='ltr'>a&#39;,</span> <span class='ocrx_word' id='word_1_47' title='bbox 1105 2043 1206 2086; x_wconf 88' lang='lat' dir='ltr'>recen·</span> <span class='ocrx_word' id='word_1_48' title='bbox 1261 2036 1271 2050; x_wconf 89' lang='lat'><em>&#39;</em></span> 
     </span>
     <span class='ocr_line' id='line_1_7' title="bbox 85 2142 1206 2244; baseline 0 -35"><span class='ocrx_word' id='word_1_49' title='bbox 85 2146 190 2209; x_wconf 89' lang='lat' dir='ltr'>tissimi</span> <span class='ocrx_word' id='word_1_50' title='bbox 200 2143 291 2244; x_wconf 73' lang='lat' dir='ltr'>rillius</span> <span class='ocrx_word' id='word_1_51' title='bbox 314 2144 419 2206; x_wconf 88' lang='lat' dir='ltr'>notitia</span> <span class='ocrx_word' id='word_1_52' title='bbox 442 2142 526 2206; x_wconf 86' lang='lat' dir='ltr'>lacilc</span> <span class='ocrx_word' id='word_1_53' title='bbox 543 2164 691 2219; x_wconf 89' lang='lat' dir='ltr'>caremus,</span> <span class='ocrx_word' id='word_1_54' title='bbox 716 2147 828 2230; x_wconf 89' lang='lat' dir='ltr'>quippe</span> <span class='ocrx_word' id='word_1_55' title='bbox 843 2165 931 2230; x_wconf 88' lang='lat' dir='ltr'>quem</span> <span class='ocrx_word' id='word_1_56' title='bbox 947 2144 1126 2232; x_wconf 89' lang='lat' dir='ltr'>descriptum</span> <span class='ocrx_word' id='word_1_57' title='bbox 1142 2166 1206 2209; x_wconf 89' lang='lat' dir='ltr'>csse</span> 
     </span>
     <span class='ocr_line' id='line_1_8' title="bbox 86 2266 1206 2354; baseline 0 -21"><span class='ocrx_word' id='word_1_58' title='bbox 86 2292 124 2333; x_wconf 88' lang='lat' dir='ltr'>ex</span> <span class='ocrx_word' id='word_1_59' title='bbox 147 2268 283 2354; x_wconf 84' lang='lat' dir='ltr'>exemplo</span> <span class='ocrx_word' id='word_1_60' title='bbox 300 2266 445 2331; x_wconf 88' lang='lat' dir='ltr'>Vaticano</span> <span class='ocrx_word' id='word_1_61' title='bbox 470 2269 651 2353; x_wconf 85' lang='lat' dir='ltr'>argumentis</span> <span class='ocrx_word' id='word_1_62' title='bbox 673 2268 744 2331; x_wconf 93' lang='lat' dir='ltr'>mihi</span> <span class='ocrx_word' id='word_1_63' title='bbox 760 2267 863 2332; x_wconf 86' lang='lat' dir='ltr'>videar</span> <span class='ocrx_word' id='word_1_64' title='bbox 878 2268 1128 2333; x_wconf 84' lang='lat' dir='ltr'>demonstravisse</span> <span class='ocrx_word' id='word_1_65' title='bbox 1143 2290 1206 2333; x_wconf 88' lang='lat' dir='ltr'>cer·</span> 
     </span>
     <span class='ocr_line' id='line_1_9' title="bbox 85 2386 1205 2471; baseline 0 -14"><span class='ocrx_word' id='word_1_66' title='bbox 85 2395 214 2457; x_wconf 88' lang='lat' dir='ltr'>tissimis.</span> <span class='ocrx_word' id='word_1_67' title='bbox 251 2392 374 2456; x_wconf 90' lang='lat' dir='ltr'>alterum</span> <span class='ocrx_word' id='word_1_68' title='bbox 391 2386 435 2471; x_wconf 86' lang='lat' dir='ltr'>(a)</span> <span class='ocrx_word' id='word_1_69' title='bbox 452 2390 563 2454; x_wconf 87' lang='lat' dir='ltr'>Romae</span> <span class='ocrx_word' id='word_1_70' title='bbox 587 2394 616 2453; x_wconf 94' lang='lat' dir='ltr'>in</span> <span class='ocrx_word' id='word_1_71' title='bbox 642 2413 727 2454; x_wconf 89' lang='lat' dir='ltr'>usum</span> <span class='ocrx_word' id='word_1_72' title='bbox 751 2414 847 2455; x_wconf 88' lang='lat' dir='ltr'>meum</span> <span class='ocrx_word' id='word_1_73' title='bbox 864 2393 990 2456; x_wconf 91' lang='lat' dir='ltr'>contulit</span> <span class='ocrx_word' id='word_1_74' title='bbox 1004 2393 1041 2457; x_wconf 91' lang='lat' dir='ltr'>H.</span> <span class='ocrx_word' id='word_1_75' title='bbox 1055 2394 1205 2457; x_wconf 91' lang='lat' dir='ltr'>Brunnius</span> 
     </span>
     <span class='ocr_line' id='line_1_10' title="bbox 85 2513 1207 2603; baseline 0 -22"><span class='ocrx_word' id='word_1_76' title='bbox 85 2517 122 2581; x_wconf 91' lang='lat' dir='ltr'>ad</span> <span class='ocrx_word' id='word_1_77' title='bbox 147 2516 315 2603; x_wconf 87' lang='lat' dir='ltr'>exemplum</span> <span class='ocrx_word' id='word_1_78' title='bbox 338 2513 476 2579; x_wconf 90' lang='lat' dir='ltr'>editionis</span> <span class='ocrx_word' id='word_1_79' title='bbox 491 2514 702 2578; x_wconf 87' lang='lat' dir='ltr'>Dindcrfianae</span> <span class='ocrx_word' id='word_1_80' title='bbox 718 2514 973 2592; x_wconf 88' lang='lat' dir='ltr'>Teubncrianum,</span> <span class='ocrx_word' id='word_1_81' title='bbox 1000 2538 1076 2602; x_wconf 91' lang='lat' dir='ltr'>quae</span> <span class='ocrx_word' id='word_1_82' title='bbox 1094 2515 1207 2603; x_wconf 91' lang='lat' dir='ltr'>prodiit</span> 
     </span>
     <span class='ocr_line' id='line_1_11' title="bbox 85 2614 1205 2728; baseline -0.002 -23"><span class='ocrx_word' id='word_1_83' title='bbox 85 2642 202 2728; x_wconf 87' lang='lat' dir='ltr'>Lipsiae</span> <span class='ocrx_word' id='word_1_84' title='bbox 231 2662 257 2705; x_wconf 88' lang='lat' dir='ltr'>a.</span> <span class='ocrx_word' id='word_1_85' title='bbox 282 2637 376 2704; x_wconf 84' lang='lat'>1825.</span> <span class='ocrx_word' id='word_1_86' title='bbox 407 2660 445 2708; x_wconf 82' lang='lat' dir='ltr'>cx</span> <span class='ocrx_word' id='word_1_87' title='bbox 474 2659 532 2726; x_wconf 88' lang='lat' dir='ltr'>qua</span> <span class='ocrx_word' id='word_1_88' title='bbox 561 2616 704 2703; x_wconf 86' lang='lat' dir='ltr'>varietate</span> <span class='ocrx_word' id='word_1_89' title='bbox 733 2614 940 2726; x_wconf 83' lang='lat' dir='ltr'>cognoscitur,</span> <span class='ocrx_word' id='word_1_90' title='bbox 976 2639 1058 2726; x_wconf 88' lang='lat' dir='ltr'>quod</span> <span class='ocrx_word' id='word_1_91' title='bbox 1087 2639 1205 2704; x_wconf 86' lang='lat' dir='ltr'>aliunde</span> 
     </span>
     <span class='ocr_line' id='line_1_12' title="bbox 85 2762 1204 2852; baseline -0.002 -22"><span class='ocrx_word' id='word_1_92' title='bbox 85 2766 231 2852; x_wconf 85' lang='lat' dir='ltr'>suspicari</span> <span class='ocrx_word' id='word_1_93' title='bbox 248 2765 310 2849; x_wconf 88' lang='lat' dir='ltr'>jam</span> <span class='ocrx_word' id='word_1_94' title='bbox 333 2763 430 2836; x_wconf 91' lang='lat' dir='ltr'>licuit,</span> <span class='ocrx_word' id='word_1_95' title='bbox 463 2762 616 2826; x_wconf 89' lang='lat' dir='ltr'>Troadum</span> <span class='ocrx_word' id='word_1_96' title='bbox 642 2764 808 2850; x_wconf 86' lang='lat' dir='ltr'>exemplum</span> <span class='ocrx_word' id='word_1_97' title='bbox 830 2762 971 2828; x_wconf 90' lang='lat' dir='ltr'>Aldinum</span> <span class='ocrx_word' id='word_1_98' title='bbox 996 2787 1033 2828; x_wconf 89' lang='lat' dir='ltr'>ex</span> <span class='ocrx_word' id='word_1_99' title='bbox 1057 2763 1114 2827; x_wconf 93' lang='lat' dir='ltr'>hoc</span> <span class='ocrx_word' id='word_1_100' title='bbox 1137 2767 1204 2849; x_wconf 92' lang='lat' dir='ltr'>ipso</span> 
     </span>
     <span class='ocr_line' id='line_1_13' title="bbox 84 2886 1205 2975; baseline -0.002 -22"><span class='ocrx_word' id='word_1_101' title='bbox 84 2890 162 2955; x_wconf 89' lang='lat' dir='ltr'>libro</span> <span class='ocrx_word' id='word_1_102' title='bbox 197 2890 379 2975; x_wconf 87' lang='lat' dir='ltr'>exscriptum</span> <span class='ocrx_word' id='word_1_103' title='bbox 414 2910 491 2964; x_wconf 89' lang='lat' dir='ltr'>csse,</span> <span class='ocrx_word' id='word_1_104' title='bbox 527 2900 562 2951; x_wconf 91' lang='lat' dir='ltr'>ut</span> <span class='ocrx_word' id='word_1_105' title='bbox 595 2888 676 2951; x_wconf 88' lang='lat' dir='ltr'>nulla</span> <span class='ocrx_word' id='word_1_106' title='bbox 705 2890 767 2972; x_wconf 88' lang='lat' dir='ltr'>jam</span> <span class='ocrx_word' id='word_1_107' title='bbox 802 2887 913 2952; x_wconf 89' lang='lat' dir='ltr'>codicis</span> <span class='ocrx_word' id='word_1_108' title='bbox 946 2889 1025 2952; x_wconf 93' lang='lat' dir='ltr'>illius</span> <span class='ocrx_word' id='word_1_109' title='bbox 1058 2886 1205 2974; x_wconf 88' lang='lat' dir='ltr'>patefacta</span> 
     </span>
     <span class='ocr_line' id='line_1_14' title="bbox 84 3010 1203 3101; baseline -0.003 -22"><span class='ocrx_word' id='word_1_110' title='bbox 84 3016 232 3101; x_wconf 89' lang='lat' dir='ltr'>scriptura</span> <span class='ocrx_word' id='word_1_111' title='bbox 256 3011 394 3077; x_wconf 89' lang='lat' dir='ltr'>editionis</span> <span class='ocrx_word' id='word_1_112' title='bbox 417 3013 559 3099; x_wconf 89' lang='lat' dir='ltr'>principis</span> <span class='ocrx_word' id='word_1_113' title='bbox 584 3010 691 3076; x_wconf 87' lang='lat' dir='ltr'>debeat</span> <span class='ocrx_word' id='word_1_114' title='bbox 713 3034 777 3075; x_wconf 90' lang='lat' dir='ltr'>esse</span> <span class='ocrx_word' id='word_1_115' title='bbox 800 3015 971 3075; x_wconf 78' lang='lat' dir='ltr'>auctoritas.</span> <span class='ocrx_word' id='word_1_116' title='bbox 1011 3014 1074 3097; x_wconf 90' lang='lat' dir='ltr'>ipse</span> <span class='ocrx_word' id='word_1_117' title='bbox 1097 3011 1203 3086; x_wconf 89' lang='lat' dir='ltr'>codex,</span> 
     </span>
     <span class='ocr_line' id='line_1_15' title="bbox 85 3136 1204 3225; baseline -0.004 -22"><span class='ocrx_word' id='word_1_118' title='bbox 85 3140 221 3225; x_wconf 90' lang='lat' dir='ltr'>quamvis</span> <span class='ocrx_word' id='word_1_119' title='bbox 256 3141 397 3223; x_wconf 79' lang='lat' dir='ltr'>exiguum</span> <span class='ocrx_word' id='word_1_120' title='bbox 432 3139 495 3221; x_wconf 87' lang='lat' dir='ltr'>ejus</span> <span class='ocrx_word' id='word_1_121' title='bbox 531 3137 570 3199; x_wconf 89' lang='lat' dir='ltr'>sit</span> <span class='ocrx_word' id='word_1_122' title='bbox 597 3138 725 3221; x_wconf 90' lang='lat' dir='ltr'>pretium</span> <span class='ocrx_word' id='word_1_123' title='bbox 756 3147 862 3221; x_wconf 90' lang='lat' dir='ltr'>utpote</span> <span class='ocrx_word' id='word_1_124' title='bbox 890 3156 929 3198; x_wconf 89' lang='lat' dir='ltr'>cx</span> <span class='ocrx_word' id='word_1_125' title='bbox 958 3136 1204 3221; x_wconf 87' lang='lat' dir='ltr'>interpolatorum</span> 
     </span>
     <span class='ocr_line' id='line_1_16' title="bbox 83 3258 1206 3349; baseline -0.003 -23"><span class='ocrx_word' id='word_1_126' title='bbox 83 3266 177 3349; x_wconf 88' lang='lat' dir='ltr'>stirpe</span> <span class='ocrx_word' id='word_1_127' title='bbox 207 3261 341 3339; x_wconf 91' lang='lat' dir='ltr'>oriundi,</span> <span class='ocrx_word' id='word_1_128' title='bbox 373 3263 478 3325; x_wconf 89' lang='lat' dir='ltr'>summi</span> <span class='ocrx_word' id='word_1_129' title='bbox 507 3272 605 3324; x_wconf 90' lang='lat' dir='ltr'>tamen</span> <span class='ocrx_word' id='word_1_130' title='bbox 635 3261 666 3321; x_wconf 92' lang='lat' dir='ltr'>in</span> <span class='ocrx_word' id='word_1_131' title='bbox 697 3273 803 3346; x_wconf 88' lang='lat' dir='ltr'>poetae</span> <span class='ocrx_word' id='word_1_132' title='bbox 831 3272 917 3324; x_wconf 88' lang='lat' dir='ltr'>textu</span> <span class='ocrx_word' id='word_1_133' title='bbox 946 3258 1126 3324; x_wconf 90' lang='lat' dir='ltr'>recensendo</span> <span class='ocrx_word' id='word_1_134' title='bbox 1148 3258 1206 3323; x_wconf 87' lang='lat' dir='ltr'>fuit</span> 
     </span>
     <span class='ocr_line' id='line_1_17' title="bbox 84 3384 1205 3473; baseline -0.002 -24"><span class='ocrx_word' id='word_1_135' title='bbox 84 3390 241 3462; x_wconf 87' lang='lat' dir='ltr'>momenti,</span> <span class='ocrx_word' id='word_1_136' title='bbox 272 3390 383 3473; x_wconf 90' lang='lat' dir='ltr'>quippe</span> <span class='ocrx_word' id='word_1_137' title='bbox 411 3388 496 3472; x_wconf 87' lang='lat' dir='ltr'>cujus</span> <span class='ocrx_word' id='word_1_138' title='bbox 524 3386 700 3449; x_wconf 88' lang='lat' dir='ltr'>testimoniis</span> <span class='ocrx_word' id='word_1_139' title='bbox 724 3384 851 3452; x_wconf 86' lang='lat' dir='ltr'>Aldinae</span> <span class='ocrx_word' id='word_1_140' title='bbox 873 3389 1050 3449; x_wconf 88' lang='lat' dir='ltr'>correctoris</span> <span class='ocrx_word' id='word_1_141' title='bbox 1072 3388 1205 3470; x_wconf 90' lang='lat' dir='ltr'>interpo-</span> 
     </span>
     <span class='ocr_line' id='line_1_18' title="bbox 83 3508 1205 3597; baseline -0.002 -24"><span class='ocrx_word' id='word_1_142' title='bbox 83 3512 223 3588; x_wconf 89' lang='lat' dir='ltr'>lationes,</span> <span class='ocrx_word' id='word_1_143' title='bbox 250 3511 359 3597; x_wconf 91' lang='lat' dir='ltr'>quibus</span> <span class='ocrx_word' id='word_1_144' title='bbox 381 3510 482 3574; x_wconf 88' lang='lat' dir='ltr'>fabula</span> <span class='ocrx_word' id='word_1_145' title='bbox 504 3522 608 3573; x_wconf 91' lang='lat' dir='ltr'>nostra</span> <span class='ocrx_word' id='word_1_146' title='bbox 632 3522 662 3573; x_wconf 91' lang='lat' dir='ltr'>et</span> <span class='ocrx_word' id='word_1_147' title='bbox 685 3512 793 3574; x_wconf 92' lang='lat' dir='ltr'>scatuit</span> <span class='ocrx_word' id='word_1_148' title='bbox 816 3522 846 3574; x_wconf 89' lang='lat' dir='ltr'>et</span> <span class='ocrx_word' id='word_1_149' title='bbox 868 3510 1002 3573; x_wconf 88' lang='lat' dir='ltr'>scatebat</span> <span class='ocrx_word' id='word_1_150' title='bbox 1023 3508 1121 3573; x_wconf 91' lang='lat' dir='ltr'>adhuc</span> <span class='ocrx_word' id='word_1_151' title='bbox 1138 3508 1205 3595; x_wconf 93' lang='lat' dir='ltr'>plu-</span> 
     </span>
     <span class='ocr_line' id='line_1_19' title="bbox 82 3633 1130 3713; baseline -0.004 -14"><span class='ocrx_word' id='word_1_152' title='bbox 82 3638 181 3713; x_wconf 87' lang='lat' dir='ltr'>rimis,</span> <span class='ocrx_word' id='word_1_153' title='bbox 206 3635 272 3699; x_wconf 91' lang='lat' dir='ltr'>salsi</span> <span class='ocrx_word' id='word_1_154' title='bbox 296 3637 471 3700; x_wconf 87' lang='lat' dir='ltr'>convincere</span> <span class='ocrx_word' id='word_1_155' title='bbox 494 3635 610 3700; x_wconf 90' lang='lat' dir='ltr'>licuerit</span> <span class='ocrx_word' id='word_1_156' title='bbox 632 3635 731 3698; x_wconf 89' lang='lat' dir='ltr'>multis</span> <span class='ocrx_word' id='word_1_157' title='bbox 755 3636 786 3697; x_wconf 91' lang='lat' dir='ltr'>in</span> <span class='ocrx_word' id='word_1_158' title='bbox 809 3634 882 3698; x_wconf 90' lang='lat' dir='ltr'>locis</span> <span class='ocrx_word' id='word_1_159' title='bbox 906 3633 1130 3697; x_wconf 87' lang='lat' dir='ltr'>evidentissime.</span> 
     </span>
    </p>

    <p class='ocr_par' dir='ltr' id='par_1_4' title="bbox 83 3756 1204 3950">
     <span class='ocr_line' id='line_1_20' title="bbox 173 3756 1204 3845; baseline -0.004 -22"><span class='ocrx_word' id='word_1_160' title='bbox 173 3761 220 3824; x_wconf 90' lang='lat' dir='ltr'>his</span> <span class='ocrx_word' id='word_1_161' title='bbox 248 3760 332 3823; x_wconf 91' lang='lat' dir='ltr'>libris</span> <span class='ocrx_word' id='word_1_162' title='bbox 362 3758 422 3823; x_wconf 91' lang='lat' dir='ltr'>duc</span> <span class='ocrx_word' id='word_1_163' title='bbox 446 3762 568 3845; x_wconf 91' lang='lat' dir='ltr'>insuper</span> <span class='ocrx_word' id='word_1_164' title='bbox 590 3757 734 3823; x_wconf 90' lang='lat' dir='ltr'>accedunt</span> <span class='ocrx_word' id='word_1_165' title='bbox 757 3759 787 3821; x_wconf 92' lang='lat' dir='ltr'>in</span> <span class='ocrx_word' id='word_1_166' title='bbox 811 3758 981 3822; x_wconf 88' lang='lat' dir='ltr'>Troadibus</span> <span class='ocrx_word' id='word_1_167' title='bbox 1004 3756 1135 3822; x_wconf 91' lang='lat' dir='ltr'>nondum</span> <span class='ocrx_word' id='word_1_168' title='bbox 1159 3778 1204 3819; x_wconf 87' lang='lat' dir='ltr'>re-</span> 
     </span>
     <span class='ocr_line' id='line_1_21' title="bbox 83 3884 373 3950; baseline 0 -1"><span class='ocrx_word' id='word_1_169' title='bbox 83 3887 196 3950; x_wconf 90' lang='lat' dir='ltr'>censiti.</span> <span class='ocrx_word' id='word_1_170' title='bbox 234 3884 306 3949; x_wconf 86' lang='lat' dir='ltr'>alter</span> <span class='ocrx_word' id='word_1_171' title='bbox 329 3897 373 3949; x_wconf 91' lang='lat' dir='ltr'>est</span> 
     </span>
    </p>

    <p class='ocr_par' dir='ltr' id='par_1_5' title="bbox 173 4002 1206 4089">
     <span class='ocr_line' id='line_1_22' title="bbox 173 4002 1206 4089; baseline -0.007 -16"><span class='ocrx_word' id='word_1_172' title='bbox 173 4009 240 4075; x_wconf 88' lang='lat' dir='ltr'>cod.</span> <span class='ocrx_word' id='word_1_173' title='bbox 258 4010 432 4075; x_wconf 87' lang='lat' dir='ltr'>Harlcianus</span> <span class='ocrx_word' id='word_1_174' title='bbox 455 4032 484 4072; x_wconf 93' lang='lat' dir='ltr'>n.</span> <span class='ocrx_word' id='word_1_175' title='bbox 502 4007 590 4073; x_wconf 78' lang='lat'>5743</span> <span class='ocrx_word' id='word_1_176' title='bbox 606 4002 691 4089; x_wconf 89' lang='lat' dir='ltr'>(mihi</span> <span class='ocrx_word' id='word_1_177' title='bbox 707 4003 737 4089; x_wconf 81' lang='lat' dir='ltr'>c)</span> <span class='ocrx_word' id='word_1_178' title='bbox 760 4011 853 4073; x_wconf 89' lang='lat' dir='ltr'>musei</span> <span class='ocrx_word' id='word_1_179' title='bbox 871 4008 1040 4073; x_wconf 90' lang='lat' dir='ltr'>Britannici.</span> <span class='ocrx_word' id='word_1_180' title='bbox 1074 4006 1206 4068; x_wconf 90' lang='lat' dir='ltr'>continet</span> 
     </span>
    </p>
   </div>
   <div class='ocr_carea' id='block_1_4' title="bbox 82 4119 1204 4298">
    <p class='ocr_par' dir='ltr' id='par_1_6' title="bbox 82 4119 1204 4298">
     <span class='ocr_line' id='line_1_23' title="bbox 82 4119 1204 4222; baseline -0.01 -23"><span class='ocrx_word' id='word_1_181' title='bbox 82 4134 245 4222; x_wconf 85' lang='lat' dir='ltr'>Sophoclis</span> <span class='ocrx_word' id='word_1_182' title='bbox 274 4135 450 4200; x_wconf 90' lang='lat' dir='ltr'>Trachinias</span> <span class='ocrx_word' id='word_1_183' title='bbox 485 4146 515 4197; x_wconf 90' lang='lat' dir='ltr'>ct</span> <span class='ocrx_word' id='word_1_184' title='bbox 543 4133 755 4208; x_wconf 89' lang='lat' dir='ltr'>Philoctetam,</span> <span class='ocrx_word' id='word_1_185' title='bbox 790 4119 1015 4218; x_wconf 82' lang='lat' dir='ltr'>llnripidearum</span> <span class='ocrx_word' id='word_1_186' title='bbox 1048 4125 1204 4190; x_wconf 85' lang='lat' dir='ltr'>Alcestidis</span> 
     </span>
     <span class='ocr_line' id='line_1_24' title="bbox 955 4246 991 4298; baseline 0 -24"><span class='ocrx_word' id='word_1_187' title='bbox 955 4246 991 4298; x_wconf 73' lang='lat'>1.</span> 
     </span>
    </p>
   </div>
   <div class='ocr_carea' id='block_1_5' title="bbox 0 0 1310 4567">
    <p class='ocr_par' dir='ltr' id='par_1_7' title="bbox 0 0 1310 4567">
     <span class='ocr_line' id='line_1_25' title="bbox 0 0 1310 4567; baseline 0 0"><span class='ocrx_word' id='word_1_188' title='bbox 0 0 1310 4567; x_wconf 95' lang='lat' dir='ltr'> </span> 
     </span>
    </p>
   </div>
  </div>
 </body>
</html>
