2609 4567
555 212 713 285 ‘44

289 398 328 469 σύ
353 398 441 479 δός
462 398 597 484 τύχιστα
619 402 742 491 πρᾶσσε
763 393 1051 485 τὀἷπεοταλμένα.”

289 502 362 584 ἑνός
382 512 443 593 μὲν
465 506 525 575 οῦν
546 509 679 593 μόχθου
700 504 940 586 σ’όπαλλύξας
962 506 1041 587 ἔχω·
1081 538 1084 547 ’

288 614 533 702 Σκαμανδρίους
554 612 618 699 γδρ
640 609 740 679 τάσδε
763 614 927 699 διαπερῶν
948 608 1029 701 ῥοὰς

289 719 407 787 ἔλουσα
429 716 546 807 νεκρόν
567 717 736 807 κόπένιψα
758 721 936 807 τραύματα.
1053 720 1056 725 ’

288 824 363 891 ἀλλ’
375 821 441 912 εἶμ’
452 822 588 914 δρυκτόν
608 824 687 913 τῷδ’
700 822 893 911 ἀναρρήξων
915 828 1049 913 τόφον,·

288 930 331 1009 ὦς
353 930 485 1017 σύντομ’
497 932 575 1019 ἡμίν
595 926 674 997 τύπ’
688 932 766 1016 ἐμοῦ
788 956 822 996 τε
843 928 929 998 κδπδ
954 938 1010 998 σοῦ

287 1039 333 1113 είς
354 1043 391 1104 ἐν
413 1034 608 1117 ξυνελθόντ’
620 1037 725 1103 οἴκαδ’
741 1036 853 1130 ῦρμίση
875 1037 1009 1123 πλάτην.

194 1149 258 1210 ΕΚ.
286 1137 607 1231 θέσθ’δμφίτορνον
628 1142 742 1209 ἀσπίδ’
753 1144 900 1232 Ἕκτορος
921 1144 1023 1231 πέδηο,

68 1268 128 1309 mo
287 1246 412 1335 λυπρόν
435 1252 548 1335 θέαμα
570 1244 630 1315 κοῦ
652 1249 751 1336 φίλον
772 1250 916 1318 λεύσσειν
931 1248 1018 1334 ἐμοί.

287 1354 314 1421 ό
334 1350 456 1441 μείζον’
464 1355 562 1437 ὄγκον
585 1353 682 1442 δορός
704 1354 830 1437 ἔχοντες
852 1357 1031 1445 η’φρενῦν,
1115 1414 1117 1419 .
1167 1414 1170 1419 .

286 1465 318 1526 τί
338 1460 437 1540 τόνδ’,
455 1460 595 1542 Ἀχαιοί,
618 1463 725 1527 πατδα
748 1462 911 1538 δείσαντες
932 1463 1038 1549 φόνον

286 1564 399 1634 καινόν
422 1567 666 1654 διειργόσασθες
689 1566 732 1655 μὴ
757 1570 878 1655 Τροίαν
899 1572 977 1635 ποτὲ

284 1674 448 1741 πεσοῦσαν
469 1672 661 1759 δρθιόσειενς
685 1672 783 1741 οῦδὲν
803 1672 943 1763 ἦτ’ῦρα,

286 1778 500 1867 ὅθ’Ἔκτορος
521 1783 582 1863 μὲν
603 1775 813 1863 εύτυχοῦντος
835 1782 880 1857 είς
903 1781 982 1866 δόρυ
1036 1858 1038 1863 .

287 1883 520 1971 διωλλύμεσθα
541 1891 657 1974 μυρίοις
679 1885 708 1951 τ’
720 1886 820 1973 ἄλλης
842 1888 949 1971 χερός,

285 1989 411 2070 πόλεως
434 1988 467 2057 δ’
478 1992 617 2079 ἁλούσης
638 1998 693 2057 καὶ
715 1994 852 2078 Φρυγῶν
875 1992 1094 2079 ἐφθαρμένων

284 2103 405 2185 βρέφος
427 2097 554 2165 τοσόνδ’
567 2096 714 2163 ἐδείσατ’.
761 2095 819 2165 οῦκ
842 2099 925 2164 αένῦ
947 2099 1060 2184 φόβον,

284 2204 370 2282 ὅστις
392 2210 542 2290 ψοβείιαι
562 2202 606 2292 μη
630 2201 813 2283 διεξελθών
834 2200 929 2293 λόγῳ.

285 2307 311 2374 τό
334 2308 485 2396 φίλταθ’,
508 2312 551 2387 τός
574 2327 624 2375 σοι
644 2311 793 2385 θάνατος
814 2308 900 2396 ἦλθε
922 2308 1085 2393 δυστυχής.

283 2417 314 2479 εί
334 2420 395 2500 μὲν
416 2413 479 2503 γὰρ
503 2415 622 2491 ἔθανες
644 2412 707 2504 πρό
730 2412 857 2490 πόλεως
877 2414 957 2501 ἥβης
979 2409 1084 2494 τυχόν

283 2522 398 2608 γάμων
419 2547 454 2587 τε
476 2528 531 2587 καὶ
552 2524 606 2609 τῆς
629 2524 765 2587 ἰσοθέου
786 2520 990 2609 τυραννίδος,

281 2631 439 2715 μακάριος
461 2626 542 2717 ἧσθ’
555 2629 605 2704 ἄν,
627 2631 709 2692 εἴτι
731 2628 833 2694 τῶνδε
855 2627 1027 2712 μακάρων.

285 2740 344 2801 νῦν
367 2731 578 2800 δἀύύίδόν
598 2738 658 2817 μὲν
680 2734 776 2813 γνούς
797 2758 831 2797 τε
854 2738 891 2823 σῇ
914 2732 1018 2823 ψυχῇ,
1041 2732 1157 2802 τέκνον,

282 2838 342 2905 οῦκ
364 2837 464 2915 οἶσθ’,
488 2839 610 2925 ἐχρήσω
633 2837 667 2903 δ’
679 2833 777 2905 οῦδὲν
799 2839 835 2904 ἐν
858 2836 971 2923 δόμοις
993 2836 1085 2921 ἔχων.

283 2946 431 3032 δύστηνε,
454 2941 572 3033 κρατός
593 2945 637 3019 ὥς
660 2941 690 3009 ω’
702 2944 822 3030 ἔκειρεν
844 2942 971 3018 ἀθλίως

280 3056 367 3138 τείχη
390 3052 539 3140 πατρῷα,
562 3054 688 3131 Λοξίου
708 3050 920 3134 πυργώματα,

281 3159 321 3224 ὃν
342 3153 442 3223 πόλλ’
453 3152 634 3244 ἐκήπευσ’ἧ
657 3160 792 3221 τεκοῦσα
814 3156 991 3238 βόστρυχον

281 3261 459 3350 φιλήμασίν
480 3261 508 3328 τ’
521 3261 651 3337 ἔδωκεν,
674 3260 774 3326 ἔνθεν
796 3260 910 3340 ἐκγελᾷ

280 3367 400 3434 ὀστέων
422 3367 585 3454 ῥαγέντων
606 3368 723 3453 φόνος,
746 3360 920 3449 ίνάίσχρδ
943 3358 986 3448 μη
1010 3360 1103 3441 λέγω.

281 3472 308 3540 οἶ
330 3479 447 3562 χείρες,
471 3472 514 3550 ὡς
536 3469 643 3547 εἰκοῦς
665 3476 725 3555 μὲν
747 3470 856 3556 ἡδείας
878 3466 1002 3552 πατρός

280 3579 444 3665 κέκτησθ’,
466 3580 503 3645 ἐν
525 3581 665 3665 ἄρθροις
689 3570 725 3641 δ’
735 3574 860 3640 ἔκλυτοι
882 3570 1121 3659 πρόκεισθε...

279 3685 306 3752 ὦ
329 3684 436 3751 πολλοὶ
459 3686 602 3770 κόμπους
623 3677 765 3764 ἐκβαλὸν
787 3678 884 3764 φίλον
907 3680 1023 3762 στόμα,

278 3790 422 3869 ὄλωλας,
445 3791 574 3877 ἐψεύσω
597 3785 643 3872 μ’,
667 3780 904 3850 ῦτέίσπίπτων
926 3783 1034 3864 λέχος,

57 3914 117 3955 ιιιι
279 3896 306 3961 ὦ
327 3899 440 3982 μῆτερ,
463 3896 578 3979 ηὔδας,
600 3890 622 3977 ἤ
645 3889 749 3955 πολύν
772 3905 822 3952 σοι
843 3889 1030 3974 βοστρύχων

279 4000 450 4082 πλόκαμον
472 4001 624 4082 κεροῦμαι
647 3991 729 4083 πρὸς
750 3989 858 4079 τύψον
881 3991 1095 4081 θ’ῦμηλίκων

123 4117 199 4172 1151.
226 4120 254 4174 δ’
275 4138 326 4173 om.
400 4116 478 4174 1161.
505 4117 621 4174 εἰκοῦς.
