2609 4567
642 177 666 250 6

546 277 759 288 --—-—-.--.-

393 363 453 420 Vat.
846 365 930 420 Havn.
947 361 1018 420 Harl.

252 488 278 526 v.
291 469 369 526 1013.
393 474 464 526 ἔσται
480 469 570 523 tuid'b'
815 470 829 498 ⁴*
841 473 911 525 ἔσται
928 470 986 542 y'ci'

251 595 277 630 v.
291 575 368 630 1081.
393 579 535 630 εἰναλίαισι
841 579 970 630 ίναλίαισι

251 700 275 735 v.
290 680 368 736 1132.
392 681 566 752 ἀμπισχόντις
840 681 986 752 ἐπισχόντες

252 804 277 840 v.
292 784 369 842 1137.
395 785 538 858 ἀναρὴξων
842 786 981 862 ἆνορίξων

251 911 276 947 v.
291 890 368 947 1165.
393 895 532 946 εἰσπίπτων
841 895 974 946 εἰσπίπτειν

252 1017 278 1053 ν.
293 996 371 1054 1238.
394 997 529 1066 ὀλβισθεὶς
842 997 988 1065 ίλρισθείσ

253 1123 277 1159 v.
292 1102 369 1157 1274.
393 1105 439 1162 τᾶς
842 1104 920 1158 τᾶσδε

252 1228 278 1264 v.
292 1207 369 1264 1301.
393 1209 574 1280 κατακαλίψιι
842 1208 1030 1262 κατακαλύπτει

183 1376 221 1418 cx
243 1355 290 1418 his
307 1376 398 1440 quum
414 1377 449 1419 ea
465 1375 541 1442 quae
559 1356 699 1418 asterisco
716 1355 820 1418 notavi
835 1366 935 1440 aperte
951 1355 1011 1417 sint
1026 1365 1214 1446 correcturae

93 1481 257 1564 scripturae
280 1478 443 1543 Vaticanae
467 1490 643 1564 corruptae,
676 1479 810 1566 sequitur
833 1498 924 1564 quum
947 1477 1124 1542 Havniensis
1146 1477 1215 1540 libri

95 1614 124 1665 ct
152 1603 231 1686 ejus,
263 1603 346 1686 cujus
375 1605 572 1688 posteriorem
600 1615 714 1687 partem
737 1600 887 1665 Harleiani
916 1600 1060 1666 babemus
1086 1622 1215 1686 apogra-

93 1725 202 1810 phum,
230 1746 413 1790 communem
437 1724 623 1790 statuendam
647 1747 711 1790 esse
735 1728 892 1810 originem,
918 1737 995 1802 turn,
1021 1727 1160 1811 quoniam
1176 1747 1215 1788 ex

95 1848 230 1934 exemplo
259 1862 419 1935 utrumque
447 1863 644 1936 propagatum
676 1871 738 1913 esse
761 1861 857 1935 patct,
889 1848 971 1935 quod
992 1848 1214 1934 interpolatoris
1297 1893 1298 1900 .

94 1993 212 2035 manum
236 1985 392 2059 expertum
416 1986 493 2050 erat,
524 1974 662 2060 exiguam
686 1976 842 2060 utriusque
865 1973 1030 2059 scripturae
1053 1973 1214 2036 auctorita·

93 2109 152 2160 tem
183 2118 246 2160 esse
274 2096 380 2161 debere
410 2109 514 2161 contra
530 2096 718 2173 Vaticanum,
750 2097 1003 2161 consentientibus
1026 2107 1122 2159 autem
1147 2117 1214 2158 eum
1297 2183 1298 2190 ἵ

94 2219 241 2284 Vaticano
265 2223 328 2284 sive
350 2220 522 2283 Florentino
545 2222 608 2284 sive
631 2221 766 2284 Palatino
790 2221 909 2285 nullam.

183 2344 304 2408 alterius
332 2342 442 2407 codicis
464 2343 653 2430 Neapolitani
676 2347 811 2409 notitiam
836 2344 976 2409 debemus
1001 2341 1132 2418 Cobeto,
1162 2344 1213 2428 qui

8 2551 18 2563 Ἰ,
94 2471 124 2531 in
148 2467 310 2554 appendice
332 2467 562 2532 Phoenissarum
587 2467 679 2532 Geelii
700 2465 822 2532 ‘codex’
847 2471 944 2555 inquit
962 2465 1021 2532 ‘cst
1044 2465 1214 2554 Neapolita·
1297 2449 1298 2454 ί

95 2615 167 2669 nus,
191 2594 285 2656 musei
307 2590 468 2656 Borbonici
495 2589 557 2656 165
582 2588 720 2674 (notatus
744 2595 773 2656 in
798 2593 933 2680 catalogo
957 2592 989 2656 ll.
1013 2591 1047 2656 ll.
1066 2586 1105 2672 9)
1129 2591 1214 2656 char·

93 2728 211 2792 taceus,
239 2715 352 2780 formae
381 2719 542 2792 maximae,
573 2717 691 2781 sacculo
718 2716 789 2780 XlV
818 2721 957 2805 scriptus.
996 2718 1098 2782 insunt
1119 2718 1211 2779 varia.
1297 2765 1298 2776 ,

94 2839 173 2904 loliis
196 2837 361 2905 93-140.
386 2843 517 2903 continet
539 2839 691 2926 Euripidis
715 2841 882 2919 Hecubam,
908 2839 1046 2917 Oresten,
1070 2839 1214 2904 Phoenis·
1297 2855 1298 2860 ’

94 2987 157 3042 sas,
182 2963 328 3029 Troadas.
363 2963 514 3049 praecedit
536 2967 597 3029 vita
620 2965 787 3053 Euripidis:
811 2961 988 3050 Εὐριπίδης
1010 2957 1215 3048 Μνησάρχου

93 3090 114 3173 ἢ
137 3086 374 3174 Μνησαρχίδου
398 3093 453 3151 καὶ
474 3087 626 3164 Κλειτοῦς
646 3131 682 3141 -
701 3089 833 3170 τελευτᾷ
856 3091 892 3153 δὲ
915 3087 968 3153 ἐπὶ
989 3088 1043 3175 τῆς
1065 3086 1214 3180 e’revpxo-

95 3213 168 3298 στῆς
195 3215 299 3300 τρίτης
321 3208 540 3297 Ὀλυμπιάδος
551 3212 576 3296 ’)
602 3255 638 3264 -
663 3219 693 3279 in
722 3216 904 3302 marginibus
934 3215 1046 3279 scholia
1075 3214 1214 3300 leguntur

94 3337 258 3415 uberrima,
290 3359 367 3424 quae
396 3338 434 3403 ad
463 3352 524 3404 tres
553 3342 669 3425 priores
698 3338 866 3424 tragoedias
895 3336 1061 3402 futilissima
1090 3348 1215 3402 suntet

95 3459 443 3550 Constantinopolitanae
470 3465 645 3548 sapientiae,
676 3485 736 3525 non
761 3464 858 3525 omnia
882 3461 984 3526 eodem
1007 3474 1140 3548 tempore
1163 3483 1213 3524 ne·

95 3608 152 3673 que
181 3586 219 3652 ab
243 3587 352 3652 'eodem
383 3587 542 3673 adscripta.
585 3586 642 3650 alia
666 3608 712 3650 res
737 3598 780 3650 est
803 3588 833 3650 in
858 3585 1045 3664 Troadibus,
1076 3609 1151 3674 quae
1175 3586 1211 3649 ab

94 3710 197 3776 codcm
219 3711 342 3778 librario
367 3710 420 3776 scd
442 3711 500 3774 alio
524 3722 671 3797 tempore,
701 3724 736 3776 nt
760 3733 797 3776 ex
820 3715 976 3777 atramenti
999 3712 1098 3776 colore
1122 3732 1213 3798 appa·

93 3849 153 3914 ret,
178 3858 217 3900 ex
239 3837 296 3900 alio
321 3835 422 3900 codice
445 3833 546 3900 addita
570 3848 628 3900 cst:
652 3837 765 3902 scholia
784 3841 881 3902 omnia
898 3850 968 3902 sunt
984 3860 1000 3901 a
1016 3839 1109 3922 prima
1125 3857 1213 3899 mauu

96 4001 308 4012 ¹—·—--—----

163 4098 186 4165 ‘)
210 4113 274 4168 quae
291 4097 418 4153 Manuclis
436 4099 599 4172 lloscbopuli
617 4119 711 4158 nomen
730 4101 809 4174 vulgo
829 4101 946 4174 praefert.
