2609 4567
116 1194 344 1301 110.⁰Hm
367 1231 471 1299 λιπῶν
493 1236 635 1315 Αἴγαιον
657 1230 805 1317 ἁλμυρόν
826 1235 936 1316 βάθος

236 1340 356 1405 πόντου
378 1340 559 1416 Ποσειδῶν,
581 1338 670 1405 ἔνθα
692 1339 853 1431 Νηρῄδων
874 1346 974 1435 χοροὶ.

130 1428 143 1441 ’
235 1445 407 1514 κάλλιπον
429 1450 518 1528 ἴχνος
540 1446 758 1525 ἐξελίσσουσιν
780 1445 892 1535 ποδός.

234 1551 271 1629 ἐξ
293 1548 333 1617 ού
355 1549 418 1635 γάρ
441 1546 528 1638 άμφῖ
549 1551 646 1638 τήνδε
670 1549 816 1639 Τρωικην
837 1548 949 1633 χθόνα

236 1660 356 1740 Φοῖβός
378 1682 413 1723 τε
435 1656 524 1739 κάγῶ
547 1658 679 1734 λαίνους
701 1660 842 1746 πύργους
865 1662 958 1741 πέριξ

235 1759 387 1847 ὀρθοῖσιν
408 1763 530 1849 ἔθεμεν
552 1760 696 1841 κανόσιν,
719 1762 832 1831 οὔποτ’
844 1764 880 1828 ἐκ
903 1765 1031 1850 φρενῶν

228 1867 332 1935 εὔνοι’
344 1867 466 1956 άπέστη
488 1871 552 1935 τῶν
574 1870 661 1953 ἐμῶν
684 1872 822 1951 Φρυγῶν
844 1870 951 1946 πόλει,

235 1975 254 2059 ἢ
276 1975 337 2041 νύν
358 1976 539 2041 καπνοῦται
559 1981 615 2041 καί
637 1971 718 2061 πρός
736 1974 883 2061 Ἀργείου
907 1972 1003 2060 δορός

233 2079 337 2144 ὄλωλε
358 2079 573 2167 πορθηθεῖσ.
619 2081 637 2146 ὁ
659 2079 722 2169 γάρ
746 2082 953 2167 Παρνάσσιος

236 2183 367 2263 Φωκεύς
384 2183 508 2263 Ἐπειός
529 2198 706 2273 μηχαναῖσι
726 2187 907 2263 Παλλάδος

235 2290 383 2376 ἐγκύμον’
393 2299 494 2359 ίππον
515 2297 654 2375 τευχέων
677 2296 880 2382 συναρμόσας

234 2397 375 2485 πύργων.
388 2397 538 2489 ἔπεμψεν
559 2397 649 2475 ἐντός
672 2394 829 2485 σ’λέθριον
850 2403 982 2485 βρέτας·
1052 2456 1055 2461 .

235 2503 317 2571 ὅθεν
339 2502 421 2592 πρός
442 2503 573 2589 ἀνδρῶν
594 2504 737 2594 ὑστέρων
758 2504 942 2591 κεκλήσεται

236 2609 380 2697 δούρειος
401 2618 500 2687 ίππος
522 2608 665 2699 κρυπτὸν
687 2607 859 2697 άμπισχιδν
882 2610 971 2693 δόρυ.

235 2715 338 2803 ἔρημα
360 2714 392 2781 δ’
404 2716 486 2805 ἄλση
509 2723 563 2783 καὶ
584 2718 677 2784 θεῶν
698 2714 861 2805 ἀνάκτορα

235 2823 326 2911 φόνῳ
348 2833 515 2910 καταρρεῖ·
550 2821 631 2910 πρός
655 2824 692 2889 δὲ
714 2825 880 2911 κρηπίδων
901 2823 1043 2910 βάθροις

232 2932 382 2995 πέπτωκε
402 2932 553 3015 Πρίαμος
574 2927 680 3016 Ζηνός
694 2929 836 3015 Ἑρκείου
857 2932 984 2996 θανιύν.

233 3031 336 3111 πολύς
359 3036 396 3101 δὲ
418 3033 535 3123 χρυσός
558 3035 685 3121 Φρύγιά
707 3060 741 3101 τε
764 3034 968 3120 σκυλεύματα

164 3204 167 3208 ,
233 3136 314 3226 πρός
335 3143 415 3219 ναύς
432 3140 574 3224 Ἀχαιῶν
595 3145 768 3226 πέμπεται·
802 3145 934 3233 μένουσι
958 3143 994 3207 δὲ

234 3248 427 3333 πρύμνηθεν
448 3245 556 3335 οὖρον,
579 3246 622 3325 ῶς
645 3247 835 3335 δεκασπόρῳ
858 3248 963 3337 χρόνῳ

234 3348 374 3435 άλόχους
395 3379 430 3419 τε
451 3360 506 3419 καὶ
528 3353 613 3421 τέκν’
625 3356 788 3423 εἰσίδωσιν
810 3354 959 3441 ἄσμενοι,

233 3465 268 3524 οἳ
287 3458 380 3546 τήνδ’
391 3460 646 3547 ἐπεστράτευσαν
660 3461 810 3553 Ἕλληνες
832 3462 937 3529 πόλιν.

232 3563 295 3646 ἐγῶ
320 3566 374 3646 δέ,
397 3570 534 3653 νικῶμαι
554 3566 619 3655 γάρ
637 3567 785 3656 Ἀργείας
807 3568 892 3633 θεοῦ

225 3672 325 3758 Ἦρας
346 3671 376 3738 τ’
389 3672 540 3750 Ἀθάνας
562 3672 614 3753 θ’,
638 3680 676 3738 αῖ
695 3674 881 3753 συνεξεῖλον
903 3675 1049 3758 Φρύγας,

232 3777 332 3845 λείπω
355 3777 392 3846 τό
416 3779 545 3847 κλεινόν
558 3780 657 3849 Ἴλιον
678 3782 807 3867 βωμούς
829 3778 858 3845 τ’
871 3780 979 3867 ἐμούς·

232 3884 348 3973 ἐρημία
368 3885 432 3977 γάρ
455 3887 551 3955 πόλιν
573 3887 655 3955 ὅταν
677 3890 760 3981 λα’βη
782 3889 878 3976 κακή,

231 4003 323 4058 νοσεῖ
342 3991 384 4061 τά
405 3996 471 4063 τῶν
492 3995 584 4061 θεῶν
606 3993 685 4063 ούδέ
705 3997 865 4081 τιμᾶσθαι
887 3995 990 4062 θέλει.

70 4109 113 4165 14.
142 4109 293 4185 άμπίοχων.
364 4113 407 4171 15.
434 4135 479 4187 γρ.
497 4117 647 4192 ἀγάλματα.
719 4115 760 4172 17.
787 4118 883 4189 ἐρκίου.
