2609 4567
599 200 646 271 71

68 390 92 439 et
107 398 161 437 non
176 382 298 439 flectaris
315 391 438 455 posteros
457 384 525 440 dieat
540 386 725 440 instauratores
743 383 800 441 iore
819 382 944 441 Troiaei’
972 393 1041 441 recte
1058 382 1107 441 lroc
1126 386 1185 457 qui-

68 471 122 525 dem
145 472 281 527 monitum.
317 489 409 545 nempe
430 473 480 527 hoc
498 474 634 528 dicendum
654 480 720 539 eret,
743 473 945 529 Andromschsm
965 475 1084 529 Hectoris
1101 474 1184 531 illium

66 561 91 612 in
108 560 244 615 maximam
263 562 358 631 petrice
375 561 511 616 utilitatem
529 562 693 617 educetursm
713 578 783 628 esse,
806 570 848 628 ut,
867 565 889 617 ai
908 562 975 618 forte
993 578 1024 615 ex
1042 565 1098 633 ipsa
1115 563 1184 617 lieo-

65 647 178 718 ptolemo
200 650 329 721 progeniti
350 648 398 703 iilii
421 652 505 704 vitrici
527 650 686 705 voluntatem
710 650 901 717 conciliassent,
926 651 982 721 ejus
1007 649 1112 719 adjutus
1135 668 1184 722 ope

67 744 92 788 et
110 736 246 791 voluntate
269 738 404 808 Astyanax
428 740 525 809 patriae
546 741 648 793 moenia
670 741 831 793 instauraret.
868 740 905 793 sic
929 741 994 792 eninr
1017 737 1183 810 intellegitur,

67 842 110 877 cur
126 824 322 879 Andromachae
345 843 379 879 ex
395 825 564 896 Neoptolemo
587 826 700 879 liliorum
724 829 820 881 mentio
844 826 885 879 hic
908 827 1036 896 injiciatur
1059 826 1122 880 olins
1144 829 1184 881 in-

67 912 207 966 commoda.
235 912 294 967 hinc
311 921 381 983 patet
396 922 459 984 post
474 916 570 974 παῖδες
587 913 698 969 duorum
716 914 935 969 hemistichiorum
949 914 1049 983 jactura
1067 914 1184 968 laborare

46 996 143 1054 ’νοτία
160 1006 265 1071 ροείτο;
289 1018 355 1071 quae
372 1010 509 1072 postquam
529 1002 691 1066 exciderunt,
710 1006 863 1057 αατοικίσειε
882 1001 971 1067 simul,
992 1002 1062 1072 quod
1081 1002 1185 1057 dederat

66 1097 140 1157 poeta
157 1105 183 1142 v.
196 1086 258 1143 700.
277 1088 309 1142 τ6
320 1088 502 1161 Astyanaetcm
516 1089 692 1155 referendum,
710 1099 836 1145 mutatum
850 1090 952 1144 videtur
963 1091 990 1143 in
1002 1093 1185 1155 κατοικίσειαν,

68 1176 136 1245 pund
154 1176 277 1247 praeheut
292 1176 366 1242 libri,
384 1185 415 1231 ut
428 1177 583 1249 jungeretur
600 1196 657 1231 cum
675 1179 770 1238 παῖδες
782 1181 812 1232 ἔα
823 1180 869 1232 σοῦ
879 1177 1027 1249 γενόμενοι.
1083 1194 1109 1232 v.
1122 1174 1183 1231 703.

67 1263 133 1317 idem
150 1280 245 1318 veram
262 1264 330 1319 died.
349 1284 374 1318 v.
386 1262 448 1318 270.
510 1284 537 1319 r.
550 1263 611 1319 701.
630 1263 726 1319 schol.:
747 1266 844 1335 parium
862 1264 909 1334 οίγ
927 1262 941 1317 ὁ
963 1265 1111 1334 Ταλθύβιος
1128 1264 1184 1320 ἀλλ’

15 1413 17 1426 .
69 1349 147 1410 ἄλλος
163 1370 203 1411 sac
217 1352 296 1407 ταὸτα
311 1354 389 1424 λέγει.
418 1353 465 1407 καί
482 1349 536 1429 γᾶρ
554 1353 586 1407 οῖ
602 1353 695 1428 λίπριν
712 1352 769 1405 ἀλλ’
778 1352 904 1422 ὀνομαστί
924 1352 1077 1421 Ταλθύβιον
1094 1356 1186 1407 καλεῖν

66 1440 168 1493 εἴωθεν.
230 1458 257 1494 v.
269 1437 331 1494 705.
348 1440 409 1495 οὐθ’
418 1441 487 1495 tenir
552 1460 577 1496 τ.
591 1440 652 1496 706.
672 1441 701 1495 δι’
718 1437 796 1495 κοινὰ
813 1447 839 1493 et
855 1440 1016 1503 Πελοπιδῶν,
1035 1456 1085 1493 our.
1104 1444 1136 1504 τ’,
1156 1456 1184 1505 α,

68 1543 131 1596 quae
150 1528 262 1583 conexit
279 1528 353 1593 616,
375 1537 407 1582 ut
424 1537 486 1583 sunt
504 1531 531 1583 in
549 1532 647 1584 ceteris.
720 1548 745 1583 v.
764 1526 823 1582 707.
847 1527 915 1601 ἀρχῆ
932 1528 1047 1581 A¹e¹u⁸
1070 1526 1137 1603 εἶργη
1156 1544 1183 1593 ο,

14 1665 15 1682 η
67 1612 162 1669 Christ.
181 1624 233 1685 pst.
252 1635 277 1672 v.
290 1614 351 1669 612.
371 1615 403 1671 cf.
422 1617 521 1673 Phoeu.
540 1635 566 1673 v.
580 1616 658 1673 1336.
677 1618 823 1690 οἰχόμεσθ’·
847 1616 895 1669 oder
912 1614 1090 1692 είπροσοίποιτ
1105 1634 1184 1691 φροι-

14 1687 15 1706 ’
67 1705 140 1773 μίσος
157 1702 227 1777 ἄργη
242 1706 331 1775 λόγον.
348 1703 454 1759 Hercul.
472 1705 491 1758 f.
508 1724 533 1760 v.
545 1703 606 1760 538.
620 1705 752 1770 ΙἌπολλον,
770 1706 838 1765 olore
854 1708 992 1779 φροιμίοις
1009 1703 1076 1780 ἅρχη
1093 1704 1183 1775 λόγον.

14 1795 15 1854 i
112 1808 138 1845 v.
148 1787 210 1845 711.
224 1791 304 1846 αὑτοῦ
313 1792 350 1847 61
360 1798 388 1845 c¹
399 1793 467 1847 idem
480 1796 597 1865 suspicor
609 1810 667 1848 esse
678 1795 705 1847 in
719 1797 756 1859 τ’,
777 1809 930 1864 quamquam
943 1800 1027 1845 tacent
1038 1791 1184 1847 collatores.

14 1929 15 1940 ,
66 1874 146 1931 aistis
164 1894 184 1932 a
202 1877 286 1948 (616)
322 1880 354 1934 τί.
371 1881 480 1953 interpp.
504 1880 537 1935 ad
558 1880 680 1951 Sophocl.
701 1881 763 1935 (led.
782 1880 811 1935 0.
830 1898 855 1935 v.
868 1878 911 1935 78.
982 1897 1008 1933 v.
1026 1876 1086 1933 713.
1113 1880 1184 1933 sonci

14 1943 15 1972 ¹
66 1968 182 2021 mue·
199 1966 269 2021 sato
287 1982 308 2021 ο
325 1967 408 2037 (ιιι.)
467 1986 493 2023 v.
506 1967 568 2022 τιι.
585 1970 863 2023 monerem·
879 1970 1035 2021 marsone
1048 1965 1130 2034 (ιιι.)

65 2051 111 2107 τὸν
127 2055 208 2108 παῖδ’
227 2056 264 2109 6’
287 2054 340 2109 τοῖν
357 2056 436 2111 αὐτοῦ
450 2058 530 2111 παῖδ’
548 2062 576 2109 τ·
600 2057 679 2111 crisci
696 2074 753 2110 esse
772 2056 865 2109 dicitur
882 2056 909 2107 in
927 2060 965 2118 τ’,
987 2053 1056 2107 unde
1073 2051 1118 2107 τὸν
1135 2054 1184 2107 ihi-

68 2140 124 2195 dem
148 2141 202 2214 legi
226 2142 344 2211 conjicio.
380 2139 428 2197 σίν
448 2145 535 2199 παῖδα
558 2158 587 2198 π.
606 2143 664 2199 616.
688 2152 772 2197 tamen
791 2142 843 2197 τίν.
880 2143 980 2214 egregie
999 2142 1047 2195 hoc
1067 2144 1185 2196 convenit

13 2289 14 2314 η
68 2229 203 2301 Talthphii
221 2230 397 2285 verecundiae.
467 2250 491 2286 v.
509 2229 569 2285 719.
595 2232 672 2285 αὐτοῦ
691 2247 711 2285 u
729 2239 754 2285 et
772 2229 882 2284 fortasse
900 2229 951 2283 alii.
1017 2247 1042 2282 v.
1059 2226 1119 2283 720.
1144 2230 1186 2283 δεῖ

67 2316 135 2371 lihri.
165 2318 225 2372 δεῖν
241 2318 379 2372 taeotstus
398 2326 425 2372 et
441 2320 602 2391 Lentiugius.
659 2337 684 2373 v.
698 2317 758 2374 721.
776 2321 895 2389 γενέσθαι
913 2320 1028 2373 A¹c¹u⁸
1045 2333 1090 2372 uec
1109 2316 1185 2387 quid-

68 2423 144 2476 quam
162 2404 320 2460 &versitatis
338 2414 468 2460 enoutunr
487 2424 519 2461 ex
538 2423 565 2461 ο.
585 2408 680 2459 vitiose
696 2409 822 2476 γενέσθαι
840 2406 899 2461 616.
954 2424 980 2459 v.
993 2402 1053 2459 723.
1072 2406 1186 2475 topicen

66 2494 183 2547 A¹e¹e⁸
198 2494 298 2565 λοχίαν
315 2510 336 2547 α
353 2493 437 2561 (616.)
489 2512 515 2547 n.
528 2491 590 2547 727.
608 2494 697 2548 οὕνεκ’
715 2496 790 2549 616ι
817 2493 886 2548 ἕνεκ’
905 2492 965 2546 616.
982 2509 1035 2547 nou
1054 2500 1183 2545 enotatum

66 2581 93 2635 id
112 2599 146 2635 ex
163 2586 224 2645 στ’,
242 2590 273 2635 ut
290 2583 316 2633 in
333 2582 366 2633 iis
386 2582 462 2634 etiam
478 2582 596 2635 videntur
614 2598 671 2635 ease
690 2580 787 2636 οὕνεκ’.
859 2598 884 2635 v.
897 2579 957 2635 728.
976 2596 1005 2634 σε
1023 2581 1092 2654 δρᾶν
1109 2581 1183 2634 Δία1

67 2675 137 2723 wc·
163 2685 191 2723 σε
209 2668 264 2745 χρή
282 2685 302 2722 α
320 2667 404 2736 (616.)
426 2668 560 2742 manifesta
582 2667 779 2739 interpolatione
804 2669 875 2738 ejus,
904 2670 949 2740 qui
972 2668 1021 2721 hos
1043 2668 1183 2721 infinitivoc

66 2756 178 2827 pendere
190 2774 206 2809 a
216 2755 348 2826 βούλομαι
364 2775 389 2809 v.
403 2753 464 2811 729.
484 2773 573 2811 omnes
584 2774 636 2811 non
649 2756 827 2811 intellexisset.
880 2774 905 2809 v.
919 2753 978 2809 729.
998 2755 1099 2826 ἀχαιαῖν
1109 2754 1147 2808 6ι
1158 2760 1184 2805 c¹

66 2845 135 2899 idem
153 2845 272 2914 auspicor
290 2860 347 2897 esse
365 2845 442 2897 inc⁸.
470 2844 702 2915 dpmoicaihld.)
755 2845 940 2916 ῥίπτεινΔῑεΙ
959 2844 1089 2917 (immiso.
1102 2841 1184 2910 (616.)

118 2950 145 2985 v.
158 2929 219 2985 730.
238 2923 277 2985 ὧν
293 2932 330 2985 6“
348 2948 369 2985 α
386 2931 468 3000 (616.)
488 2941 629 2986 correctum
647 2924 670 3002 pi
687 2934 713 2984 in
733 2937 807 2985 τίν’.
862 2950 887 2986 v.
900 2928 960 2985 731.
978 2935 1071 3000 ταφείη
1090 2930 1146 2997 [M]
1158 2934 1185 2983 τ’

66 3023 179 3093 τραφείη
197 3023 228 3073 0⁸
245 3023 341 3090 respuis
359 3036 379 3073 a
392 3018 474 3087 (616.)
527 3021 599 3087 οίδ’,
617 3022 715 3073 omisso
733 3018 789 3083 ὅδ’,
808 3024 833 3070 c¹
844 3024 883 3072 0¹.
936 3036 960 3071 v.
974 3015 1034 3071 737.
1053 3018 1186 3072 ἀπώλεσεν

66 3109 219 3162 6“ε’σέ“
236 3106 372 3161 ἀποκτενεῖ
390 3124 410 3160 τι
421 3106 504 3174 (616.)
525 3115 551 3162 et
568 3106 628 3161 cor.
646 3114 697 3179 pat.
716 3104 833 3159 61515.
902 3124 927 3159 v.
940 3102 1001 3159 711.
1019 3108 1056 3165 είς
1073 3110 1112 3159 c'.

66 3213 92 3249 v.
111 3193 173 3249 712.
196 3194 244 3266 orit
266 3193 304 3254 cis
325 3195 444 3266 σφάγιον
460 3195 606 3253 Δαναίδαις
627 3192 804 3264 τίξοασῚμόν
819 3193 888 3249 libri.
924 3193 982 3263 οίγλ
999 3193 1117 3264 σφάγιον
1133 3213 1185 3264 μη-

66 3282 183 3337 νύοοστίν
196 3285 353 3355 μ’ίατεατῖν
370 3282 465 3337 Christ.
483 3301 508 3353 p.
526 3301 552 3336 v.
566 3278 608 3335 77.
644 3286 778 3353 σφαγεῖον
794 3284 857 3335 mira
875 3283 1041 3352 perversitate
1058 3283 1184 3334 recentio-

66 3388 108 3424 res
125 3372 279 3425 Barnesiuur
304 3372 399 3434 secuti,
424 3386 503 3441 quum
521 3371 624 3424 victims
642 3369 745 3423 Graecis
769 3370 803 3423 sit
821 3370 949 3440 σφάγιον,
973 3386 1024 3421 nou
1046 3373 1184 3439 σφαγεῖον.

66 3461 197 3513 intrusum
214 3457 298 3513 sileno
316 3457 375 3511 loco
393 3456 430 3517 oie
447 3458 493 3511 has
511 3458 600 3512 turbes
617 3459 716 3528 peperit
734 3457 841 3527 expulso
859 3465 920 3527 post
931 3458 1047 3527 σφάγιον
1057 3454 1183 3510 vocabulo

67 3563 81 3599 s
98 3545 183 3601 vocali
200 3547 344 3617 incipiente.
375 3544 479 3599 dedisse
495 3545 598 3599 videtur
615 3554 703 3616 poeta:

317 3632 348 3687 ori
365 3633 483 3703 σφάγιον
499 3635 554 3686 ίνιν
570 3636 719 3693 Δσναίδαις
733 3632 914 3705 τίξοοσ’1μιίν.

119 3739 146 3776 v.
159 3719 221 3776 713.
240 3721 373 3781 ἇσιοίπδος
389 3722 542 3775 61εῑτ·τΙ
559 3720 670 3781 ἀσπίδος
688 3738 708 3775 a
726 3721 809 3792 (616.)
874 3738 898 3773 v.
912 3717 971 3772 716.
991 3716 1053 3773 τίσεί
1071 3718 1129 3786 [61]
1149 3717 1185 3777 otc

68 3814 135 3865 δι’·
152 3809 232 3864 οῖσσεί
248 3825 277 3864 a.
348 3828 374 3863 v.
387 3806 447 3862 717.
468 3807 569 3868 κλεινός
585 3809 700 3862 A¹c¹u'
726 3808 829 3862 κλεινόν
846 3824 866 3862 τι
885 3807 957 3876 (616)
983 3816 1121 3877 utrumque
1139 3823 1185 3878 per

67 3916 95 3953 se
112 3899 237 3969 probum
256 3897 391 3966 conjuncte
410 3897 487 3951 hahes
501 3894 591 3968 Suppl.
604 3914 629 3950 v.
642 3894 703 3950 593.
722 3897 912 3966 στρατηλατήσω
929 3892 1029 3954 κλεινὸς
1047 3897 1077 3949 ἐν
1092 3894 1186 3964 αλεινηῖ

66 3987 138 4062 δορί.
192 4004 218 4041 v.
230 3984 291 4040 751.
310 3985 489 4056 σπαργάνοισι
504 3984 579 4038 A¹c¹
590 3989 621 4037 ο·
638 3984 803 4060 σπαργάνοις
821 4000 849 4039 σε
867 4000 886 4039 ο
899 3983 981 4053 (616.)
1000 3999 1064 4053 quoe
1082 3982 1186 4037 videtur

66 4083 213 4131 correctura
237 4087 304 4129 case.
340 4068 362 4128 ὦ
379 4070 482 4145 χρωτὸς
503 4070 555 4140 cidit
574 4073 691 4144 meipso·
713 4072 799 4144 μάτην
815 4072 871 4147 ἄρα
889 4088 916 4128 σε
931 4072 1065 4145 (ἔθρεψε,
1088 4074 1185 4134 τέκνον,
