2609 4567
623 207 673 282 79

88 401 119 453 δ’
139 415 159 453 a
177 396 261 467 (did.)
315 414 342 451 v,
355 394 432 451 1171.
451 394 641 469 τοῦπίγραμμά
658 397 688 465 γ’
701 395 817 449 A101c·
833 394 914 461 idem,
934 394 979 449 sed
999 411 1063 449 corr.
1083 411 1096 448 a
1113 391 1209 449 mnn2

87 489 115 540 in
133 487 325 559 eoduiypopepeoe
342 488 379 551 ἐν,
398 502 426 540 a.
453 484 522 539 unde
539 483 762 555 eniniypupcpc'dr
780 484 840 539 Ald.
902 502 927 537 v.
942 482 1019 537 1175.
1038 477 1155 538 a’tt'oiv
1172 484 1210 537 Δι

88 581 195 630 c¹o'a.
232 567 324 629 eiii'c'i
340 574 399 628 dld.
418 582 521 628 temere.
557 572 584 625 id
610 580 695 625 tamen
713 575 864 628 mordicitus
883 590 967 645 usque
985 572 1068 626 tenuit
1085 573 1210 627 recentio-

88 682 149 717 rum
168 665 233 715 mire
252 680 312 717 sene
332 661 459 715 socordis.
531 678 557 715 v.
571 657 647 713 1177.
668 651 752 731 pire
824 681 849 718 v.
862 660 940 717 1179.
964 678 1006 715 σοι
1022 659 1156 725 Ruricius,
1173 660 1211 730 epi

86 751 237 815 Dobraeus,
256 751 307 809 σῶς
325 748 459 803 Gruterus.
531 745 874 811 ν.1182.ἔωαξενΔί·’
900 754 1001 813 ἔσταζεν
1019 766 1038 802 a
1056 747 1139 816 (tid.)

88 858 113 891 v.
129 836 206 893 1187.
218 836 262 892 88.
285 838 334 891 hoc
354 836 443 891 ordine
461 835 583 907 leguntur
600 838 627 888 in
645 835 718 889 libris
739 838 866 893 omnibus.
893 840 995 893 invertit
1014 856 1071 892 eum
1090 838 1148 891 Alci.

89 947 114 981 v.
129 924 206 981 1189.
227 924 302 985 αὑτός
313 924 418 991 (oderis)
431 924 614 979 Valckenarius
633 925 665 978 ad
684 925 780 979 Phocn.
799 945 824 981 v.
837 924 898 980 927.
952 935 1013 997 post
1030 944 1054 979 v.
1070 924 1146 979 1191.
1165 943 1210 980 ex-

88 1016 183 1068 cidisse
202 1032 305 1068 versum
324 1011 491 1083 probabiliter
509 1012 618 1081 conjecit
635 1014 799 1067 Hermannus
818 1016 844 1067 in
864 1015 926 1068 dise.
944 1031 969 1085 p.
984 1012 1040 1079 16.,
1058 1022 1089 1067 ut
1107 1022 1164 1067 octo
1183 1013 1211 1066 hi

88 1104 182 1156 senarii
205 1101 379 1172 respondeant
402 1102 447 1165 iis,
473 1118 539 1171 quos
564 1100 631 1154 inire
652 1099 1105 1156 habetueeubav.1202-1209.
1142 1102 1208 1154 idem

89 1210 113 1244 v.
128 1187 323 1245 1099-1201.
342 1206 389 1260 pro
409 1187 516 1259 stropha
528 1187 615 1254 hebet,
635 1192 676 1242 cui
688 1191 859 1260 respondeant
871 1207 896 1244 v.
907 1187 1056 1244 1210-12
1070 1192 1106 1245 sic
1117 1190 1209 1244 reficti:

410 1279 468 1330 αἶαῖ

408 1366 529 1439 πατρίδι,
546 1366 654 1439 πατρίδι
670 1366 709 1437 yci
724 1364 821 1437 πικρόν
839 1367 947 1444 ὅδνρμά
964 1361 1023 1421 o'oi

407 1456 498 1507 τέκνον
515 1454 623 1515 δέξεται.

88 1546 224 1615 sequentia
243 1543 352 1615 epodum
371 1543 505 1595 constituit
523 1543 573 1595 sic:

349 1637 387 1685 X.
409 1632 511 1693 στέναζε
528 1630 623 1704 μᾶτερ.
658 1636 691 1685 Ε.
715 1630 780 1685 uiui·

350 1725 387 1773 X.
411 1719 514 1793 νεκρῶν
531 1721 632 1788 ἴακχον.
669 1724 703 1771 Ε.
727 1718 820 1791 ὤμοι.

349 1812 387 1861 Χ.
411 1806 434 1860 ci
451 1826 500 1879 μοι
518 1807 582 1873 δῆτα
600 1806 654 1859 σῶν
672 1805 791 1859 ἀλάστων
807 1807 906 1861 κακῶν.

88 1896 183 1949 deinde
207 1912 271 1966 quae
294 1903 437 1966 sequuntur
459 1895 544 1949 tribus
565 1896 672 1948 senariis
691 1894 830 1963 interjectis
849 1897 876 1948 in
895 1896 1025 1966 strophem
1045 1905 1069 1950 et
1088 1899 1208 1953 antistro-

87 1984 164 2056 pham
184 1984 298 2055 disponit
316 1985 365 2037 sic:

278 2090 332 2147 erp.
350 2078 386 2125 X.
409 2072 507 2148 dc'paoo'
517 2070 617 2143 ἄρασσε
634 2073 718 2148 κρᾶτα

409 2152 527 2220 πντῦὶους
545 2161 656 2214 διδοῦσα
668 2160 768 2235 χειρός.

351 2255 385 2301 Ε.
410 2247 496 2320 ὤμοι
512 2269 561 2320 μοι
579 2287 728 2303 .........

277 2336 332 2391 ἀντ.
410 2329 432 2389 ὦ
449 2339 570 2407 φίλταται
585 2340 717 2407 γυναῖκες.

350 2518 386 2567 Χ.
409 2513 659 2581 θαρσήσασ’ἔνεπε,
676 2516 735 2565 τίνα
751 2516 844 2586 θροεῖς
862 2510 954 2565 αὐδάν.

16 2615 17 2624 ’
89 2603 164 2657 aliter
181 2602 249 2655 idem
266 2600 327 2654 olim
346 2599 488 2669 aplustri.
504 2607 529 2652 et
544 2598 616 2653 elem.
633 2599 657 2651 d.
673 2617 705 2651 m.
724 2597 818 2669 putu.
839 2598 955 2652 Scidlero
974 2617 999 2653 v.
1013 2596 1208 2655 1099-1201.

87 2691 205 2761 proodus
225 2698 300 2754 sunt,
321 2706 346 2742 v.
361 2685 519 2742 1210-15.
539 2687 645 2757 strophe
665 2704 721 2740 cum
741 2687 912 2757 antistropha,
931 2689 990 2740 item
1010 2706 1033 2741 v.
1050 2686 1116 2742 12¹9
1135 2707 1208 2761 seqq.

16 2783 17 2786 ’
87 2781 116 2831 in
134 2786 204 2831 tanta
223 2787 306 2832 notem
325 2776 417 2830 horum
429 2793 551 2830 versuum
571 2774 714 2845 corruptele
732 2792 826 2829 novere
846 2776 984 2847 quidquem
1004 2778 1029 2828 in
1047 2784 1119 2830 textu
1137 2777 1208 2830 nefas

89 2883 138 2938 ego
163 2867 233 2920 duxi.
271 2884 323 2920 non
346 2866 427 2936 magis
450 2872 535 2917 temen
557 2862 609 2916 illis
629 2882 643 2917 a
661 2880 722 2936 vero
748 2863 877 2918 aberrasse
901 2864 1078 2929 concederem,
1103 2866 1124 2919 si
1149 2866 1208 2935 quis

89 2956 152 3009 hoec
169 2958 206 3009 ita
219 2973 237 3008 ’κ
255 2962 331 3026 poeta
350 2951 507 3006 conformata
526 2951 607 3033 spisse
626 2951 732 3005 diceret:

250 3059 305 3114 στρ.
319 3042 372 3097 Ἐκ.
391 3060 416 3095 ν.
430 3037 624 3094 1192-1198.

317 3136 387 3202 Χορ.
410 3130 424 3183 ἓ
441 3130 455 3183 ἓ
472 3129 579 3201 φρενῶν
1056 3186 1057 3189 ¹

410 3222 501 3288 ἔθιγες
516 3220 606 3287 ἔθιγες
623 3210 646 3269 ὦ
662 3218 747 3288 μέγας
764 3218 825 3289 ἔμοι·
840 3218 898 3270 ποτ’
908 3214 947 3269 ὢν

410 3306 531 3375 ἀνάκτωρ
549 3304 655 3365 πόλεως.
1013 3290 1014 3293 ¹

252 3395 308 3449 ἀντ.
323 3393 376 3449 Ἑν.
395 3412 419 3447 v.
434 3391 627 3448 1202-1209.

318 3490 387 3553 Χορ.
409 3486 467 3535 αἰαῖ
485 3485 556 3535 alai·

410 3565 506 3642 πικρὸν
522 3569 630 3645 ὄδυρμα
648 3608 727 3624 .....
744 3568 812 3641 γαῖά
829 3562 889 3623 σ’ὦ

408 3658 497 3710 τέκνον
514 3658 622 3719 δέξεται.

318 4019 388 4087 Χορ.
412 4014 514 4075 στέναζε
530 4012 623 4087 μᾶτερ.
655 4010 708 4066 Ἐκ.
728 4014 792 4065 aiei.

319 4108 389 4179 Χορ.
412 4102 514 4179 νεκρῶν
531 4103 631 4175 ἴακχον.
664 4098 717 4158 ‘Em
735 4102 814 4173 οἴμοι.
