2609 4567
634 198 660 270 4

88 393 299 482 fragmentum,
329 389 478 466 Rhesum,
508 387 643 453 Troades
671 383 734 468 (lol.
752 386 807 454 86·
825 388 901 453 med.
923 429 958 440 -
978 389 1029 455 fol.
1050 386 1136 470 113.)
1167 404 1215 456 est

87 516 287 604 bombycinus
315 536 412 601 usque
443 512 481 578 ad
504 537 533 577 v.
551 510 616 578 605
640 511 809 589 Troadum,
842 513 910 577 inde
939 511 977 577 ad
1004 513 1092 578 finem
1116 535 1213 602 usque

86 641 156 706 libri
180 640 362 706 chartaceus.
398 638 455 703 sub
479 637 557 702 calce
573 635 744 713 Troadum,
770 657 845 722 quae
861 635 962 701 labula
977 638 1116 702 volumen
1132 639 1213 702 clau·

88 764 148 840 dit,
172 766 316 850 scriptum
339 775 396 826 est:
428 761 556 825 »librum
574 760 653 825 hunc
668 759 888 847 tragoediarum
905 759 1065 847 Sophoclis
1082 773 1111 826 et
1125 762 1214 827 Euri-

86 887 167 976 pidis
196 889 355 974 acquisivit
384 885 555 949 Ludovicus
587 885 778 971 Bourguetus
806 882 1012 949 Nemausensis
1041 908 1058 949 a
1089 886 1214 952 doctore

87 1013 223 1078 Antonio
247 1010 283 1075 de
300 1010 438 1085 maachi,
464 1009 601 1072 Veronae
624 1006 671 1071 die
689 1005 720 1072 ll.
739 1005 879 1071 Octobris
903 1029 980 1071 anno
1005 1008 1116 1073 domini
1140 1010 1213 1074 mill.

88 1136 348 1223 septingentesimo
365 1131 530 1198 serundo«
568 1130 604 1195 cf.
617 1131 792 1217 Bnrgesium
809 1133 838 1193 in
854 1130 947 1218 prael.
965 1131 1102 1197 editionis
1115 1132 1214 1198 Troa·
1295 1195 1296 1206 ,

90 1259 161 1323 dum
183 1280 213 1345 p.
235 1258 268 1322 ll.
289 1257 351 1334 lll.,
383 1259 433 1342 qui
462 1256 541 1319 hunc
569 1254 700 1319 codicem
731 1257 759 1317 in
783 1253 956 1320 Troadibus
986 1257 1113 1322 contulit
1139 1261 1213 1323 satis
1295 1277 1296 1316 t

90 1382 260 1470 diligenter,
286 1402 376 1468 quum
401 1401 467 1444 oum
483 1379 688 1466 Musgravius,
712 1391 748 1441 ut
764 1378 893 1455 solebat,
920 1381 1098 1466 inspexisset
1113 1382 1214 1468 negle-
1295 1455 1296 1458 Ἴ

89 1507 269 1594 gentissime.
308 1525 416 1567 novam
446 1525 501 1590 ego
531 1501 598 1566 libri
626 1503 812 1566 collationem
836 1502 963 1567 Londini
986 1503 1150 1568 conlectam
1174 1505 1215 1570 ad

90 1630 259 1716 exemplum
274 1628 542 1693 Taucbnitcianum
566 1628 666 1712 accepi
688 1626 725 1690 ab
741 1626 908 1690 Reinholdo
924 1626 1008 1691 Pauli
1025 1631 1134 1705 amico,
1160 1633 1213 1716 qui
1295 1677 1296 1694 2

91 1754 222 1819 codicem
244 1753 477 1817 recentissimum
496 1750 614 1835 judicat
636 1773 694 1815 sec.
710 1750 792 1815 XVI.
817 1773 855 1814 ex
878 1751 959 1815 nullo
983 1758 1211 1830 umentorum,

91 1899 168 1966 quos
190 1878 342 1953 novimus,
366 1875 511 1940 librorum
534 1887 587 1938 aut
610 1873 776 1961 descriptus
800 1888 845 1938 est
868 1888 920 1940 aut
936 1875 1097 1940 derivatus.
1133 1888 1213 1941 recte
1295 1947 1296 1958 χ

37 2021 44 2032 ·
91 2013 189 2066 autem
211 2012 246 2064 ut
269 2001 326 2064 hoc
349 1999 426 2062 libro
450 2010 569 2062 utamur
592 1997 756 2061 notandum
779 2010 824 2062 est
847 2011 960 2063 textum
978 2001 1041 2084 ejus
1057 1999 1212 2064 Troadum

91 2147 107 2190 e
131 2125 241 2211 duplici
257 2144 349 2209 caque
366 2122 482 2186 diversa
498 2124 590 2209 stirpe
607 2121 766 2186 deductum
783 2143 856 2186 csse.
873 2205 875 2210 Ι
892 2124 1001 2187 scilicet
1017 2145 1105 2211 quam
1122 2123 1213 2209 hujus
1247 2213 1251 2218 Ι
1295 2095 1296 2126 l

91 2248 209 2312 sabulae
238 2259 353 2334 partem
382 2249 412 2308 in
442 2247 552 2310 chartis
581 2246 770 2332 bombycinis
799 2250 992 2334 perscriptam
1022 2270 1085 2314 esse
1112 2250 1215 2314 retulit
1295 2227 1296 2298 Ῐ

92 2373 254 2457 Bnrgesius
266 2369 316 2453 ad
331 2393 360 2434 v.
386 2391 481 2457 usque
496 2367 578 2445 605,
604 2391 637 2432 ea
661 2390 727 2432 cum
745 2369 813 2432 libri
830 2370 956 2435 Palatini
979 2373 1126 2458 scriptura
1142 2394 1213 2436 con·

92 2497 181 2560 sentit
203 2507 263 2559 tam
288 2505 439 2569 accurate,
465 2506 499 2557 ut
522 2492 653 2557 dubitari
676 2514 736 2556 non
760 2497 870 2580 possit,
895 2497 967 2582 quin
985 2507 1086 2560 textus
1101 2497 1213 2560 utrius·

93 2641 150 2706 que
173 2641 211 2683 ex
235 2618 338 2683 eodem
354 2620 393 2682 sit
408 2618 571 2704 archetypo
587 2629 782 2704 propagatus.
818 2630 852 2682 ut
867 2620 979 2682 mittam
996 2619 1067 2695 alia,
1093 2618 1214 2682 demon·

92 2755 187 2807 strant
208 2763 281 2829 prae
304 2745 407 2806 ceteris
430 2742 554 2804 lacunae
574 2740 763 2805 dimidiorum
779 2761 936 2815 versuum,
955 2740 1071 2825 ¹quibus
1086 2753 1212 2826 uterque
1295 2825 1296 2828 Ἴ

93 2866 156 2929 hiat
184 2867 259 2928 miro
291 2887 438 2929 consensu
467 2888 497 2928 v.
516 2862 580 2929 154
595 2887 677 2953 seqq.
709 2889 737 2928 v.
758 2861 818 2928 192
835 2884 916 2950 seqq.
949 2874 977 2926 et
1000 2886 1030 2927 v.
1048 2861 1113 2927 230
1129 2885 1211 2952 seqq.

93 2989 247 3076 suppletae
263 2987 381 3076 quidem
397 2991 428 3052 in
443 2988 520 3053 libro
533 2989 691 3053 Harleiano
707 3000 778 3052 sunt
792 2989 864 3051 istae
880 2986 1001 3051 lacunae
1013 3011 1040 3052 v.
1054 2984 1117 3052 154
1129 3010 1211 3077 seqq.
1295 3011 1296 3014 ¹

93 3125 123 3176 et
145 3111 211 3177 230
233 3134 333 3200 seqq„
364 3112 417 3177 sed
441 3135 458 3176 a
481 3135 570 3177 manu
593 3110 753 3195 diversa').
788 3133 864 3198 quae
887 3125 984 3176 autem
1007 3112 1121 3199 reliqua
1144 3125 1213 3176 sunt
1295 3201 1296 3206 γ

10 3235 242 3304 ...ad-linem
265 3258 360 3323 usque
383 3236 501 3300 fabulae
524 3258 585 3299 non
610 3237 705 3299 solum
730 3239 760 3298 in
784 3236 893 3299 chartis
909 3238 1034 3322 scripta,
1059 3236 1211 3301 sedetiam

164 3437 185 3502 ·)
209 3436 351 3507 Burgcsiua
375 3436 407 3488 ad
426 3454 450 3490 v.
465 3434 523 3489 154.
545 3434 659 3488 ‘litteras
679 3450 742 3504 quas
762 3431 844 3484 forma
863 3433 1003 3500 majuscula
1022 3437 1106 3489 curavi
1126 3438 1212 3506 impri-

93 3532 198 3586 mendas
218 3533 320 3602 supplet
338 3550 403 3585 man.
424 3549 473 3585 sec.
492 3541 522 3584 ut
540 3530 633 3602 colligo
654 3547 684 3584 ex
704 3537 858 3594 atramento,
881 3530 950 3600 quod
969 3533 1049 3604 magis
1067 3551 1155 3588 recens
1175 3542 1212 3587 est

94 3639 120 3682 ct
146 3647 178 3682 ex
204 3629 346 3683 litterarum
375 3627 456 3681 forma
484 3644 549 3697 quae
576 3628 658 3698 magis
685 3629 711 3680 in
736 3627 927 3698 amplitudinem
953 3630 1053 3700 surgit.³
1092 3631 1158 3684 idem
1182 3631 1211 3684 ad

93 3743 136 3778 vv.
155 3723 298 3779 233-35.
321 3724 429 3779 ‘manus
454 3725 565 3779 secunda
589 3724 718 3796 supplevit
742 3725 829 3779 eadem
855 3724 965 3780 fortasse
990 3743 1017 3778 ac
1041 3725 1085 3779 illa
1109 3727 1139 3780 de
1164 3746 1211 3798 qua

95 3838 172 3891 supra
191 3821 258 3887 dixi3
282 3841 339 3875 nam
359 3823 475 3890 ejusdem
495 3821 589 3875 coloris
609 3831 775 3878 atramentum
796 3832 843 3876 est.
872 3823 952 3877 codex
971 3822 1014 3877 ille
1033 3825 1136 3878 lacunae
1154 3824 1210 3878 lon·

94 3925 145 3971 tem
170 3920 262 3987 aperit3
291 3937 367 3973 voces
392 3921 457 3973 enim
483 3938 547 3990 quas
566 3919 623 3974 Ald.
643 3921 687 3990 (o)
711 3921 787 3976 habet
809 3923 891 3994 magis
916 3921 947 3973 ad
972 3921 1078 3974 mediam
1097 3923 1210 3994 paginam
1295 3957 1296 3996 5

95 4013 185 4068 ductae
204 4023 265 4068 sunt
283 4018 365 4086 spatio
385 4019 496 4089 quodam
516 4019 546 4072 ad
566 4020 666 4072 initium
684 4020 820 4089 utriusque
833 4037 924 4073 versus
942 4017 1045 4085 relicto,
1066 4019 1134 4089 quod
1151 4017 1211 4073 alter
1295 4059 1296 4085 s

95 4111 179 4166 scriba
196 4129 229 4166 ex
245 4111 339 4168 litteris
358 4113 419 4168 olim
438 4118 556 4182 omissis,
575 4125 605 4170 ut
622 4134 703 4188 nuper
721 4118 823 4183 monui,
843 4115 988 4188 supplevit'
