<?xml version="1.0" encoding="UTF-8"?>
<!DOCTYPE html PUBLIC "-//W3C//DTD XHTML 1.0 Transitional//EN"
    "http://www.w3.org/TR/xhtml1/DTD/xhtml1-transitional.dtd">
<html xmlns="http://www.w3.org/1999/xhtml" xml:lang="en" lang="en">
 <head>
  <title>
</title>
<meta http-equiv="Content-Type" content="text/html;charset=utf-8" />
  <meta name='ocr-system' content='tesseract 3.04.00' />
  <meta name='ocr-capabilities' content='ocr_page ocr_carea ocr_par ocr_line ocrx_word'/>
</head>
<body>
  <div class='ocr_page' id='page_1' title='image "./euripidistroade00kircgoog_0011.png"; bbox 0 0 2609 4567; ppageno 0'>
   <div class='ocr_carea' id='block_1_1' title="bbox 645 149 668 219">
    <p class='ocr_par' dir='ltr' id='par_1_1' title="bbox 645 149 668 219">
     <span class='ocr_line' id='line_1_1' title="bbox 645 149 668 219; baseline 0 0"><span class='ocrx_word' id='word_1_1' title='bbox 645 149 668 219; x_wconf 87' lang='grc'><strong>7</strong></span> 
     </span>
    </p>
   </div>
   <div class='ocr_carea' id='block_1_2' title="bbox 90 334 1218 1417">
    <p class='ocr_par' dir='ltr' id='par_1_2' title="bbox 90 334 1218 1417">
     <span class='ocr_line' id='line_1_2' title="bbox 96 334 1216 429; baseline 0.005 -26"><span class='ocrx_word' id='word_1_2' title='bbox 96 334 200 407; x_wconf 86' lang='lat' dir='ltr'><strong>ordine</strong></span> <span class='ocrx_word' id='word_1_3' title='bbox 224 351 253 405; x_wconf 89' lang='lat' dir='ltr'><strong>et</strong></span> <span class='ocrx_word' id='word_1_4' title='bbox 275 337 425 425; x_wconf 75' lang='lat' dir='ltr'><strong>eleganter</strong></span> <span class='ocrx_word' id='word_1_5' title='bbox 448 338 575 424; x_wconf 78' lang='lat' dir='ltr'><strong>adpicta.</strong></span> <span class='ocrx_word' id='word_1_6' title='bbox 611 343 710 406; x_wconf 80' lang='lat' dir='ltr'><strong>statim</strong></span> <span class='ocrx_word' id='word_1_7' title='bbox 733 340 864 407; x_wconf 86' lang='lat' dir='ltr'><strong>intellexi</strong></span> <span class='ocrx_word' id='word_1_8' title='bbox 888 363 934 405; x_wconf 89' lang='lat' dir='ltr'><strong>mc</strong></span> <span class='ocrx_word' id='word_1_9' title='bbox 954 340 1216 429; x_wconf 50' lang='lat' dir='ltr'><strong>emamstellorum</strong></span> 
     </span>
     <span class='ocr_line' id='line_1_3' title="bbox 94 460 1216 551; baseline 0.006 -26"><span class='ocrx_word' id='word_1_10' title='bbox 94 464 184 548; x_wconf 83' lang='lat' dir='ltr'><strong>nugis</strong></span> <span class='ocrx_word' id='word_1_11' title='bbox 207 464 369 527; x_wconf 84' lang='lat' dir='ltr'><strong>emersisse.</strong></span> <span class='ocrx_word' id='word_1_12' title='bbox 404 462 492 528; x_wconf 79' lang='lat' dir='ltr'><strong>video</strong></span> <span class='ocrx_word' id='word_1_13' title='bbox 509 460 621 529; x_wconf 88' lang='lat' dir='ltr'><strong>scholia</strong></span> <span class='ocrx_word' id='word_1_14' title='bbox 640 466 830 550; x_wconf 82' lang='lat' dir='ltr'><strong>antiquorum</strong></span> <span class='ocrx_word' id='word_1_15' title='bbox 845 468 1104 551; x_wconf 84' lang='lat' dir='ltr'><strong>grammaticorum</strong></span> <span class='ocrx_word' id='word_1_16' title='bbox 1118 466 1216 533; x_wconf 87' lang='lat' dir='ltr'><strong>bonae</strong></span> 
     </span>
     <span class='ocr_line' id='line_1_4' title="bbox 90 584 1215 676; baseline 0.004 -27"><span class='ocrx_word' id='word_1_17' title='bbox 90 584 191 671; x_wconf 51' lang='lat' dir='ltr'><strong>¹frugis</strong></span> <span class='ocrx_word' id='word_1_18' title='bbox 219 598 248 650; x_wconf 85' lang='lat' dir='ltr'><strong>et</strong></span> <span class='ocrx_word' id='word_1_19' title='bbox 276 585 420 673; x_wconf 90' lang='lat' dir='ltr'><strong>perdocta</strong></span> <span class='ocrx_word' id='word_1_20' title='bbox 447 626 482 639; x_wconf 91' lang='lat'>-</span> <span class='ocrx_word' id='word_1_21' title='bbox 510 591 641 674; x_wconf 87' lang='lat' dir='ltr'><strong>comperi</strong></span> <span class='ocrx_word' id='word_1_22' title='bbox 671 586 773 654; x_wconf 91' lang='lat' dir='ltr'><strong>eadem</strong></span> <span class='ocrx_word' id='word_1_23' title='bbox 802 610 881 666; x_wconf 88' lang='lat' dir='ltr'><strong>esse,</strong></span> <span class='ocrx_word' id='word_1_24' title='bbox 912 610 989 676; x_wconf 89' lang='lat' dir='ltr'><strong>quae</strong></span> <span class='ocrx_word' id='word_1_25' title='bbox 1016 591 1048 653; x_wconf 90' lang='lat' dir='ltr'><strong>in</strong></span> <span class='ocrx_word' id='word_1_26' title='bbox 1069 590 1215 657; x_wconf 88' lang='lat' dir='ltr'><strong>Vaticano</strong></span> 
     </span>
     <span class='ocr_line' id='line_1_5' title="bbox 92 687 1216 797; baseline 0.005 -24"><span class='ocrx_word' id='word_1_27' title='bbox 92 730 270 797; x_wconf 86' lang='lat' dir='ltr'><strong>repereram.</strong></span> <span class='ocrx_word' id='word_1_28' title='bbox 306 732 368 775; x_wconf 91' lang='lat' dir='ltr'><strong>non</strong></span> <span class='ocrx_word' id='word_1_29' title='bbox 391 722 436 775; x_wconf 92' lang='lat' dir='ltr'><strong>est</strong></span> <span class='ocrx_word' id='word_1_30' title='bbox 459 732 549 775; x_wconf 90' lang='lat' dir='ltr'><strong>ovum</strong></span> <span class='ocrx_word' id='word_1_31' title='bbox 571 733 629 777; x_wconf 85' lang='lat' dir='ltr'><strong>ovo</strong></span> <span class='ocrx_word' id='word_1_32' title='bbox 654 687 791 778; x_wconf 85' lang='lat' dir='ltr'><strong>similius:</strong></span> <span class='ocrx_word' id='word_1_33' title='bbox 815 714 903 777; x_wconf 87' lang='lat' dir='ltr'><strong>ctiam</strong></span> <span class='ocrx_word' id='word_1_34' title='bbox 918 715 949 777; x_wconf 93' lang='lat' dir='ltr'><strong>in</strong></span> <span class='ocrx_word' id='word_1_35' title='bbox 963 713 1119 779; x_wconf 83' lang='lat' dir='ltr'><strong>levissimis</strong></span> <span class='ocrx_word' id='word_1_36' title='bbox 1136 735 1216 779; x_wconf 91' lang='lat' dir='ltr'><strong>erro·</strong></span> 
     </span>
     <span class='ocr_line' id='line_1_6' title="bbox 93 832 1217 922; baseline 0.005 -25"><span class='ocrx_word' id='word_1_37' title='bbox 93 832 180 897; x_wconf 88' lang='lat' dir='ltr'><strong>ribus</strong></span> <span class='ocrx_word' id='word_1_38' title='bbox 201 834 375 921; x_wconf 89' lang='lat' dir='ltr'><strong>plerumque</strong></span> <span class='ocrx_word' id='word_1_39' title='bbox 391 835 611 921; x_wconf 89' lang='lat' dir='ltr'><strong>conspirabant.</strong></span> <span class='ocrx_word' id='word_1_40' title='bbox 649 834 808 902; x_wconf 81' lang='lat' dir='ltr'><strong>accedebat</strong></span> <span class='ocrx_word' id='word_1_41' title='bbox 823 836 943 901; x_wconf 86' lang='lat' dir='ltr'><strong>titulus:</strong></span> <span class='ocrx_word' id='word_1_42' title='bbox 961 832 1217 922; x_wconf 70' lang='grc' dir='ltr'><strong>Ἀριστοφάνους</strong></span> 
     </span>
     <span class='ocr_line' id='line_1_7' title="bbox 92 951 1217 1047; baseline 0.004 -26"><span class='ocrx_word' id='word_1_43' title='bbox 92 956 317 1041; x_wconf 74' lang='grc' dir='ltr'><strong><em>γραμματικοῦ</em></strong></span> <span class='ocrx_word' id='word_1_44' title='bbox 340 957 454 1038; x_wconf 80' lang='grc' dir='ltr'><strong><em>σχόλια</em></strong></span> <span class='ocrx_word' id='word_1_45' title='bbox 474 958 521 1033; x_wconf 74' lang='grc' dir='ltr'><strong>εἰς</strong></span> <span class='ocrx_word' id='word_1_46' title='bbox 542 956 578 1021; x_wconf 84' lang='lat' dir='ltr'><strong>cb</strong></span> <span class='ocrx_word' id='word_1_47' title='bbox 602 956 713 1043; x_wconf 81' lang='grc' dir='ltr'><strong><em>δρᾶμα</em></strong></span> <span class='ocrx_word' id='word_1_48' title='bbox 734 958 799 1023; x_wconf 68' lang='lat' dir='ltr'><strong>cciv</strong></span> <span class='ocrx_word' id='word_1_49' title='bbox 819 957 878 1024; x_wconf 77' lang='grc' dir='ltr'><strong>τοῦ</strong></span> <span class='ocrx_word' id='word_1_50' title='bbox 900 951 1079 1045; x_wconf 73' lang='grc' dir='ltr'><strong><em>Εὐριπίδου</em></strong></span> <span class='ocrx_word' id='word_1_51' title='bbox 1102 959 1217 1047; x_wconf 69' lang='grc' dir='ltr'><strong><em>Τρῳά-</em></strong></span> 
     </span>
     <span class='ocr_line' id='line_1_8' title="bbox 96 1079 1216 1171; baseline 0.005 -28"><span class='ocrx_word' id='word_1_52' title='bbox 96 1079 180 1156; x_wconf 80' lang='grc' dir='ltr'><strong>δων,</strong></span> <span class='ocrx_word' id='word_1_53' title='bbox 208 1080 287 1145; x_wconf 88' lang='lat' dir='ltr'><strong>unde</strong></span> <span class='ocrx_word' id='word_1_54' title='bbox 317 1082 374 1146; x_wconf 91' lang='lat' dir='ltr'><strong>hoc</strong></span> <span class='ocrx_word' id='word_1_55' title='bbox 403 1082 505 1147; x_wconf 87' lang='lat' dir='ltr'><strong>saltem</strong></span> <span class='ocrx_word' id='word_1_56' title='bbox 536 1083 640 1147; x_wconf 90' lang='lat' dir='ltr'><strong>confici</strong></span> <span class='ocrx_word' id='word_1_57' title='bbox 670 1095 783 1170; x_wconf 82' lang='lat' dir='ltr'><strong>potest,</strong></span> <span class='ocrx_word' id='word_1_58' title='bbox 814 1082 937 1149; x_wconf 86' lang='lat' dir='ltr'><strong>subesse</strong></span> <span class='ocrx_word' id='word_1_59' title='bbox 964 1087 995 1148; x_wconf 93' lang='lat' dir='ltr'><strong>in</strong></span> <span class='ocrx_word' id='word_1_60' title='bbox 1018 1086 1054 1149; x_wconf 92' lang='lat' dir='ltr'><strong>iis</strong></span> <span class='ocrx_word' id='word_1_61' title='bbox 1077 1085 1216 1171; x_wconf 82' lang='lat' dir='ltr'><strong>reliquias</strong></span> 
     </span>
     <span class='ocr_line' id='line_1_9' title="bbox 94 1204 1218 1293; baseline 0.001 -25"><span class='ocrx_word' id='word_1_62' title='bbox 94 1206 372 1269; x_wconf 80' lang='lat' dir='ltr'><strong>commentariorum</strong></span> <span class='ocrx_word' id='word_1_63' title='bbox 396 1204 622 1292; x_wconf 85' lang='lat' dir='ltr'><strong>Aristophanis,</strong></span> <span class='ocrx_word' id='word_1_64' title='bbox 655 1206 764 1293; x_wconf 89' lang='lat' dir='ltr'><strong>quibus</strong></span> <span class='ocrx_word' id='word_1_65' title='bbox 794 1207 900 1273; x_wconf 93' lang='lat' dir='ltr'><strong>deinde</strong></span> <span class='ocrx_word' id='word_1_66' title='bbox 928 1207 1048 1273; x_wconf 86' lang='lat' dir='ltr'><strong>aliunde</strong></span> <span class='ocrx_word' id='word_1_67' title='bbox 1074 1208 1131 1273; x_wconf 86' lang='lat' dir='ltr'><strong>alia</strong></span> <span class='ocrx_word' id='word_1_68' title='bbox 1157 1210 1218 1271; x_wconf 91' lang='lat' dir='ltr'><strong>sint</strong></span> 
     </span>
     <span class='ocr_line' id='line_1_10' title="bbox 93 1324 1216 1417; baseline 0.004 -27"><span class='ocrx_word' id='word_1_69' title='bbox 93 1324 319 1410; x_wconf 78' lang='lat' dir='ltr'><strong>intermixta.’&#39;)</strong></span> <span class='ocrx_word' id='word_1_70' title='bbox 351 1328 386 1391; x_wconf 92' lang='lat' dir='ltr'><strong>de</strong></span> <span class='ocrx_word' id='word_1_71' title='bbox 417 1328 475 1393; x_wconf 93' lang='lat' dir='ltr'><strong>hoc</strong></span> <span class='ocrx_word' id='word_1_72' title='bbox 498 1331 590 1416; x_wconf 83' lang='lat' dir='ltr'><strong>igitur</strong></span> <span class='ocrx_word' id='word_1_73' title='bbox 612 1329 690 1393; x_wconf 91' lang='lat' dir='ltr'><strong>libro</strong></span> <span class='ocrx_word' id='word_1_74' title='bbox 714 1350 806 1417; x_wconf 88' lang='lat' dir='ltr'><strong>quum</strong></span> <span class='ocrx_word' id='word_1_75' title='bbox 828 1329 933 1394; x_wconf 90' lang='lat' dir='ltr'><strong>litteris</strong></span> <span class='ocrx_word' id='word_1_76' title='bbox 957 1330 1093 1395; x_wconf 87' lang='lat' dir='ltr'><strong>adiissem</strong></span> <span class='ocrx_word' id='word_1_77' title='bbox 1118 1328 1216 1396; x_wconf 88' lang='lat' dir='ltr'><strong>Cobe-</strong></span> 
     </span>
    </p>
   </div>
   <div class='ocr_carea' id='block_1_3' title="bbox 92 1452 1215 1541">
    <p class='ocr_par' dir='ltr' id='par_1_3' title="bbox 92 1452 1215 1541">
     <span class='ocr_line' id='line_1_11' title="bbox 92 1452 1215 1541; baseline 0.002 -27"><span class='ocrx_word' id='word_1_78' title='bbox 92 1465 173 1529; x_wconf 80' lang='lat' dir='ltr'><strong>tum‚</strong></span> <span class='ocrx_word' id='word_1_79' title='bbox 199 1464 233 1515; x_wconf 94' lang='lat' dir='ltr'><strong>ut</strong></span> <span class='ocrx_word' id='word_1_80' title='bbox 254 1455 404 1516; x_wconf 87' lang='lat' dir='ltr'><strong>variarum</strong></span> <span class='ocrx_word' id='word_1_81' title='bbox 427 1452 586 1517; x_wconf 88' lang='lat' dir='ltr'><strong>lectionum</strong></span> <span class='ocrx_word' id='word_1_82' title='bbox 611 1475 649 1517; x_wconf 88' lang='lat' dir='ltr'><strong>ex</strong></span> <span class='ocrx_word' id='word_1_83' title='bbox 673 1474 708 1517; x_wconf 93' lang='lat' dir='ltr'><strong>eo</strong></span> <span class='ocrx_word' id='word_1_84' title='bbox 728 1476 744 1517; x_wconf 91' lang='lat' dir='ltr'><strong>a</strong></span> <span class='ocrx_word' id='word_1_85' title='bbox 763 1476 795 1517; x_wconf 91' lang='lat' dir='ltr'><strong>sc</strong></span> <span class='ocrx_word' id='word_1_86' title='bbox 811 1465 995 1518; x_wconf 87' lang='lat' dir='ltr'><strong>enotatarum</strong></span> <span class='ocrx_word' id='word_1_87' title='bbox 1011 1456 1130 1541; x_wconf 88' lang='lat' dir='ltr'><strong>copiam</strong></span> <span class='ocrx_word' id='word_1_88' title='bbox 1144 1455 1215 1517; x_wconf 88' lang='lat' dir='ltr'><strong>mibi</strong></span> 
     </span>
    </p>
   </div>
   <div class='ocr_carea' id='block_1_4' title="bbox 71 1574 1216 3770">
    <p class='ocr_par' dir='ltr' id='par_1_4' title="bbox 71 1574 1216 3770">
     <span class='ocr_line' id='line_1_12' title="bbox 93 1574 1216 1664; baseline 0.002 -26"><span class='ocrx_word' id='word_1_89' title='bbox 93 1574 221 1652; x_wconf 88' lang='lat' dir='ltr'><strong>faceret,</strong></span> <span class='ocrx_word' id='word_1_90' title='bbox 250 1576 430 1662; x_wconf 89' lang='lat' dir='ltr'><strong>respondere</strong></span> <span class='ocrx_word' id='word_1_91' title='bbox 459 1577 530 1640; x_wconf 91' lang='lat' dir='ltr'><strong>mihi</strong></span> <span class='ocrx_word' id='word_1_92' title='bbox 555 1575 694 1664; x_wconf 85' lang='lat' dir='ltr'><strong>dignatus</strong></span> <span class='ocrx_word' id='word_1_93' title='bbox 718 1599 778 1640; x_wconf 91' lang='lat' dir='ltr'><strong>uon</strong></span> <span class='ocrx_word' id='word_1_94' title='bbox 802 1590 855 1642; x_wconf 88' lang='lat' dir='ltr'><strong>est.</strong></span> <span class='ocrx_word' id='word_1_95' title='bbox 894 1577 974 1642; x_wconf 92' lang='lat' dir='ltr'><strong>unde</strong></span> <span class='ocrx_word' id='word_1_96' title='bbox 997 1581 1033 1641; x_wconf 88' lang='lat' dir='ltr'><strong>iis</strong></span> <span class='ocrx_word' id='word_1_97' title='bbox 1057 1577 1216 1642; x_wconf 91' lang='lat' dir='ltr'><strong>carendum</strong></span> 
     </span>
     <span class='ocr_line' id='line_1_13' title="bbox 93 1699 1215 1787; baseline 0.001 -24"><span class='ocrx_word' id='word_1_98' title='bbox 93 1721 174 1763; x_wconf 92' lang='lat' dir='ltr'><strong>nunc</strong></span> <span class='ocrx_word' id='word_1_99' title='bbox 198 1699 316 1785; x_wconf 89' lang='lat' dir='ltr'><strong>quidem</strong></span> <span class='ocrx_word' id='word_1_100' title='bbox 340 1703 481 1787; x_wconf 90' lang='lat' dir='ltr'><strong>temporis</strong></span> <span class='ocrx_word' id='word_1_101' title='bbox 498 1700 585 1764; x_wconf 91' lang='lat' dir='ltr'><strong>nobis</strong></span> <span class='ocrx_word' id='word_1_102' title='bbox 602 1703 658 1765; x_wconf 93' lang='lat' dir='ltr'><strong>erit</strong></span> <span class='ocrx_word' id='word_1_103' title='bbox 671 1703 848 1785; x_wconf 88' lang='lat' dir='ltr'><strong>necessario.</strong></span> <span class='ocrx_word' id='word_1_104' title='bbox 883 1700 935 1765; x_wconf 92' lang='lat' dir='ltr'><strong>sed</strong></span> <span class='ocrx_word' id='word_1_105' title='bbox 952 1701 1118 1767; x_wconf 81' lang='lat' dir='ltr'><strong>carebimus</strong></span> <span class='ocrx_word' id='word_1_106' title='bbox 1133 1701 1215 1765; x_wconf 89' lang='lat' dir='ltr'><strong>nullo</strong></span> 
     </span>
     <span class='ocr_line' id='line_1_14' title="bbox 93 1823 1216 1912; baseline 0.003 -26"><span class='ocrx_word' id='word_1_107' title='bbox 93 1844 220 1909; x_wconf 89' lang='lat' dir='ltr'><strong>prorsus</strong></span> <span class='ocrx_word' id='word_1_108' title='bbox 243 1826 342 1910; x_wconf 91' lang='lat' dir='ltr'><strong>operis</strong></span> <span class='ocrx_word' id='word_1_109' title='bbox 365 1826 459 1888; x_wconf 91' lang='lat' dir='ltr'><strong>nostri</strong></span> <span class='ocrx_word' id='word_1_110' title='bbox 483 1823 668 1889; x_wconf 88' lang='lat' dir='ltr'><strong>detrimento.</strong></span> <span class='ocrx_word' id='word_1_111' title='bbox 705 1836 824 1888; x_wconf 88' lang='lat' dir='ltr'><strong>constat</strong></span> <span class='ocrx_word' id='word_1_112' title='bbox 846 1827 922 1887; x_wconf 88' lang='lat' dir='ltr'><strong>enim</strong></span> <span class='ocrx_word' id='word_1_113' title='bbox 945 1847 984 1889; x_wconf 83' lang='lat' dir='ltr'><strong>ex</strong></span> <span class='ocrx_word' id='word_1_114' title='bbox 1001 1827 1053 1900; x_wconf 86' lang='lat' dir='ltr'><strong>iis,</strong></span> <span class='ocrx_word' id='word_1_115' title='bbox 1079 1846 1154 1912; x_wconf 88' lang='lat' dir='ltr'><strong>quac</strong></span> <span class='ocrx_word' id='word_1_116' title='bbox 1170 1847 1216 1889; x_wconf 92' lang='lat' dir='ltr'><strong>re·</strong></span> 
     </span>
     <span class='ocr_line' id='line_1_15' title="bbox 94 1945 1215 2033; baseline 0.002 -23"><span class='ocrx_word' id='word_1_117' title='bbox 94 1948 165 2011; x_wconf 86' lang='lat' dir='ltr'><strong>tulit</strong></span> <span class='ocrx_word' id='word_1_118' title='bbox 194 1945 341 2024; x_wconf 85' lang='lat' dir='ltr'><strong>Cobetus,</strong></span> <span class='ocrx_word' id='word_1_119' title='bbox 378 1970 442 2012; x_wconf 93' lang='lat' dir='ltr'><strong>csse</strong></span> <span class='ocrx_word' id='word_1_120' title='bbox 465 1947 618 2012; x_wconf 90' lang='lat' dir='ltr'><strong>Troadum</strong></span> <span class='ocrx_word' id='word_1_121' title='bbox 648 1947 814 2033; x_wconf 87' lang='lat' dir='ltr'><strong>exemplum</strong></span> <span class='ocrx_word' id='word_1_122' title='bbox 843 1946 1072 2032; x_wconf 86' lang='lat' dir='ltr'><strong>Neapolitanum</strong></span> <span class='ocrx_word' id='word_1_123' title='bbox 1099 1951 1125 2011; x_wconf 94' lang='lat' dir='ltr'><strong>si</strong></span> <span class='ocrx_word' id='word_1_124' title='bbox 1155 1968 1215 2012; x_wconf 90' lang='lat' dir='ltr'><strong>non</strong></span> 
     </span>
     <span class='ocr_line' id='line_1_16' title="bbox 71 2070 1214 2150; baseline -0.002 -15"><span class='ocrx_word' id='word_1_125' title='bbox 71 2070 261 2135; x_wconf 84' lang='lat' dir='ltr'><strong>&#39;derivatum</strong></span> <span class='ocrx_word' id='word_1_126' title='bbox 286 2093 324 2135; x_wconf 86' lang='lat' dir='ltr'><strong>ex</strong></span> <span class='ocrx_word' id='word_1_127' title='bbox 339 2070 502 2150; x_wconf 86' lang='lat' dir='ltr'><strong>Vaticano,</strong></span> <span class='ocrx_word' id='word_1_128' title='bbox 527 2083 655 2137; x_wconf 88' lang='lat' dir='ltr'><strong>attamen</strong></span> <span class='ocrx_word' id='word_1_129' title='bbox 678 2070 748 2135; x_wconf 91' lang='lat' dir='ltr'><strong>huic</strong></span> <span class='ocrx_word' id='word_1_130' title='bbox 768 2070 845 2137; x_wconf 90' lang='lat' dir='ltr'><strong>libro</strong></span> <span class='ocrx_word' id='word_1_131' title='bbox 868 2083 928 2135; x_wconf 89' lang='lat' dir='ltr'><strong>tam</strong></span> <span class='ocrx_word' id='word_1_132' title='bbox 944 2072 1051 2148; x_wconf 87' lang='lat' dir='ltr'><strong>simile,</strong></span> <span class='ocrx_word' id='word_1_133' title='bbox 1074 2084 1110 2136; x_wconf 88' lang='lat' dir='ltr'><strong>ut</strong></span> <span class='ocrx_word' id='word_1_134' title='bbox 1125 2093 1214 2135; x_wconf 88' lang='lat' dir='ltr'><strong>ovum</strong></span> 
     </span>
     <span class='ocr_line' id='line_1_17' title="bbox 95 2195 1216 2283; baseline 0 -25"><span class='ocrx_word' id='word_1_135' title='bbox 95 2216 155 2259; x_wconf 90' lang='lat' dir='ltr'><strong>ovo</strong></span> <span class='ocrx_word' id='word_1_136' title='bbox 184 2217 245 2258; x_wconf 91' lang='lat' dir='ltr'><strong>non</strong></span> <span class='ocrx_word' id='word_1_137' title='bbox 272 2197 369 2281; x_wconf 90' lang='lat' dir='ltr'><strong>possit</strong></span> <span class='ocrx_word' id='word_1_138' title='bbox 398 2217 461 2260; x_wconf 91' lang='lat' dir='ltr'><strong>esse</strong></span> <span class='ocrx_word' id='word_1_139' title='bbox 490 2197 622 2260; x_wconf 91' lang='lat' dir='ltr'><strong>similius.</strong></span> <span class='ocrx_word' id='word_1_140' title='bbox 664 2198 764 2283; x_wconf 90' lang='lat' dir='ltr'><strong>itaque</strong></span> <span class='ocrx_word' id='word_1_141' title='bbox 793 2198 865 2261; x_wconf 92' lang='lat' dir='ltr'><strong>novi</strong></span> <span class='ocrx_word' id='word_1_142' title='bbox 893 2195 962 2260; x_wconf 93' lang='lat' dir='ltr'><strong>inde</strong></span> <span class='ocrx_word' id='word_1_143' title='bbox 988 2196 1063 2259; x_wconf 88' lang='lat' dir='ltr'><strong>nihil</strong></span> <span class='ocrx_word' id='word_1_144' title='bbox 1085 2197 1141 2259; x_wconf 88' lang='lat' dir='ltr'><strong>erit</strong></span> <span class='ocrx_word' id='word_1_145' title='bbox 1164 2216 1216 2260; x_wconf 83' lang='lat' dir='ltr'><strong>ex·</strong></span> 
     </span>
     <span class='ocr_line' id='line_1_18' title="bbox 94 2318 1216 2407; baseline -0.002 -24"><span class='ocrx_word' id='word_1_146' title='bbox 94 2318 305 2405; x_wconf 88' lang='lat' dir='ltr'><strong>spectandum,</strong></span> <span class='ocrx_word' id='word_1_147' title='bbox 340 2321 397 2383; x_wconf 91' lang='lat' dir='ltr'><strong>nisi</strong></span> <span class='ocrx_word' id='word_1_148' title='bbox 428 2318 506 2385; x_wconf 86' lang='lat' dir='ltr'><strong>forte</strong></span> <span class='ocrx_word' id='word_1_149' title='bbox 535 2342 614 2384; x_wconf 90' lang='lat' dir='ltr'><strong>nova</strong></span> <span class='ocrx_word' id='word_1_150' title='bbox 642 2319 839 2406; x_wconf 90' lang='lat' dir='ltr'><strong>sphalmatum</strong></span> <span class='ocrx_word' id='word_1_151' title='bbox 869 2320 959 2396; x_wconf 82' lang='lat' dir='ltr'><strong>silva,</strong></span> <span class='ocrx_word' id='word_1_152' title='bbox 996 2320 1110 2407; x_wconf 89' lang='lat' dir='ltr'><strong>qualem</strong></span> <span class='ocrx_word' id='word_1_153' title='bbox 1138 2321 1216 2383; x_wconf 91' lang='lat' dir='ltr'><strong>veri·</strong></span> 
     </span>
     <span class='ocr_line' id='line_1_19' title="bbox 94 2442 1157 2530; baseline 0.002 -25"><span class='ocrx_word' id='word_1_154' title='bbox 94 2443 189 2507; x_wconf 90' lang='lat' dir='ltr'><strong>simile</strong></span> <span class='ocrx_word' id='word_1_155' title='bbox 212 2455 257 2507; x_wconf 84' lang='lat' dir='ltr'><strong>est</strong></span> <span class='ocrx_word' id='word_1_156' title='bbox 280 2448 461 2509; x_wconf 89' lang='lat' dir='ltr'><strong>succrevisse</strong></span> <span class='ocrx_word' id='word_1_157' title='bbox 484 2447 514 2508; x_wconf 91' lang='lat' dir='ltr'><strong>in</strong></span> <span class='ocrx_word' id='word_1_158' title='bbox 537 2443 673 2530; x_wconf 87' lang='lat' dir='ltr'><strong>exemplo</strong></span> <span class='ocrx_word' id='word_1_159' title='bbox 697 2445 855 2508; x_wconf 87' lang='lat' dir='ltr'><strong>recentiori</strong></span> <span class='ocrx_word' id='word_1_160' title='bbox 879 2455 974 2508; x_wconf 88' lang='lat' dir='ltr'><strong>aetate</strong></span> <span class='ocrx_word' id='word_1_161' title='bbox 997 2442 1157 2529; x_wconf 89' lang='lat' dir='ltr'><strong>descripto.</strong></span> 
     </span>
     <span class='ocr_line' id='line_1_20' title="bbox 185 2564 1216 2653; baseline -0.003 -21"><span class='ocrx_word' id='word_1_162' title='bbox 185 2568 297 2633; x_wconf 88' lang='lat' dir='ltr'><strong>scholia</strong></span> <span class='ocrx_word' id='word_1_163' title='bbox 325 2571 356 2631; x_wconf 94' lang='lat' dir='ltr'><strong>in</strong></span> <span class='ocrx_word' id='word_1_164' title='bbox 379 2567 515 2632; x_wconf 87' lang='lat' dir='ltr'><strong>Troadas</strong></span> <span class='ocrx_word' id='word_1_165' title='bbox 545 2568 600 2632; x_wconf 93' lang='lat' dir='ltr'><strong>soli</strong></span> <span class='ocrx_word' id='word_1_166' title='bbox 629 2579 787 2631; x_wconf 89' lang='lat' dir='ltr'><strong>servarunt</strong></span> <span class='ocrx_word' id='word_1_167' title='bbox 814 2567 883 2653; x_wconf 90' lang='lat' dir='ltr'><strong>libri</strong></span> <span class='ocrx_word' id='word_1_168' title='bbox 904 2566 1065 2631; x_wconf 87' lang='lat' dir='ltr'><strong>Vaticanus</strong></span> <span class='ocrx_word' id='word_1_169' title='bbox 1089 2579 1118 2630; x_wconf 91' lang='lat' dir='ltr'><strong>et</strong></span> <span class='ocrx_word' id='word_1_170' title='bbox 1139 2564 1216 2629; x_wconf 87' lang='lat' dir='ltr'><strong>Nea·</strong></span> 
     </span>
     <span class='ocr_line' id='line_1_21' title="bbox 93 2668 1216 2778; baseline -0.002 -23"><span class='ocrx_word' id='word_1_171' title='bbox 93 2691 256 2777; x_wconf 90' lang='lat' dir='ltr'><strong>politanus.</strong></span> <span class='ocrx_word' id='word_1_172' title='bbox 293 2715 308 2756; x_wconf 92' lang='lat' dir='ltr'><strong>e</strong></span> <span class='ocrx_word' id='word_1_173' title='bbox 331 2668 478 2757; x_wconf 79' lang='lat' dir='ltr'><strong>Vaticano</strong></span> <span class='ocrx_word' id='word_1_174' title='bbox 508 2692 576 2755; x_wconf 93' lang='lat' dir='ltr'><strong>olim</strong></span> <span class='ocrx_word' id='word_1_175' title='bbox 606 2690 754 2778; x_wconf 89' lang='lat' dir='ltr'><strong>descripta</strong></span> <span class='ocrx_word' id='word_1_176' title='bbox 781 2690 819 2755; x_wconf 89' lang='lat' dir='ltr'><strong>H.</strong></span> <span class='ocrx_word' id='word_1_177' title='bbox 841 2691 961 2755; x_wconf 86' lang='lat' dir='ltr'><strong>Amatii</strong></span> <span class='ocrx_word' id='word_1_178' title='bbox 981 2711 1072 2777; x_wconf 89' lang='lat' dir='ltr'><strong>opera</strong></span> <span class='ocrx_word' id='word_1_179' title='bbox 1094 2689 1216 2774; x_wconf 83' lang='lat' dir='ltr'><strong>vulgata</strong></span> 
     </span>
     <span class='ocr_line' id='line_1_22' title="bbox 94 2811 1216 2904; baseline -0.003 -26"><span class='ocrx_word' id='word_1_180' title='bbox 94 2828 167 2879; x_wconf 90' lang='lat' dir='ltr'><strong>sunt</strong></span> <span class='ocrx_word' id='word_1_181' title='bbox 195 2818 226 2879; x_wconf 92' lang='lat' dir='ltr'><strong>in</strong></span> <span class='ocrx_word' id='word_1_182' title='bbox 255 2816 382 2881; x_wconf 88' lang='lat' dir='ltr'><strong>editione</strong></span> <span class='ocrx_word' id='word_1_183' title='bbox 406 2816 556 2904; x_wconf 85' lang='lat' dir='ltr'><strong>Euripidis</strong></span> <span class='ocrx_word' id='word_1_184' title='bbox 581 2815 757 2903; x_wconf 84' lang='lat' dir='ltr'><strong>Glasguensi</strong></span> <span class='ocrx_word' id='word_1_185' title='bbox 787 2837 813 2880; x_wconf 92' lang='lat' dir='ltr'><strong>a.</strong></span> <span class='ocrx_word' id='word_1_186' title='bbox 835 2811 930 2880; x_wconf 83' lang='grc'><strong>1821.</strong></span> <span class='ocrx_word' id='word_1_187' title='bbox 955 2827 984 2879; x_wconf 82' lang='grc' dir='ltr'><strong>οι</strong></span> <span class='ocrx_word' id='word_1_188' title='bbox 1007 2813 1216 2881; x_wconf 89' lang='lat' dir='ltr'><strong>Teubneriana</strong></span> 
     </span>
     <span class='ocr_line' id='line_1_23' title="bbox 94 2935 1216 3026; baseline -0.004 -23"><span class='ocrx_word' id='word_1_189' title='bbox 94 2940 129 3003; x_wconf 92' lang='lat' dir='ltr'><strong>L.</strong></span> <span class='ocrx_word' id='word_1_190' title='bbox 147 2938 294 3005; x_wconf 86' lang='lat' dir='ltr'><strong>Diodorfii</strong></span> <span class='ocrx_word' id='word_1_191' title='bbox 318 2964 343 3021; x_wconf 88' lang='lat' dir='ltr'><strong>a.</strong></span> <span class='ocrx_word' id='word_1_192' title='bbox 365 2939 459 3005; x_wconf 80' lang='lat'><strong>1825.</strong></span> <span class='ocrx_word' id='word_1_193' title='bbox 475 2952 587 3026; x_wconf 85' lang='lat' dir='ltr'><strong>&#39;postea</strong></span> <span class='ocrx_word' id='word_1_194' title='bbox 604 2938 738 3005; x_wconf 85' lang='lat' dir='ltr'><strong>Cobctus</strong></span> <span class='ocrx_word' id='word_1_195' title='bbox 762 2938 860 3003; x_wconf 92' lang='lat' dir='ltr'><strong>denuo</strong></span> <span class='ocrx_word' id='word_1_196' title='bbox 883 2943 1017 3025; x_wconf 89' lang='lat' dir='ltr'><strong>inspecto</strong></span> <span class='ocrx_word' id='word_1_197' title='bbox 1037 2938 1115 3003; x_wconf 90' lang='lat' dir='ltr'><strong>libro</strong></span> <span class='ocrx_word' id='word_1_198' title='bbox 1132 2935 1216 3000; x_wconf 88' lang='lat' dir='ltr'><strong>Vati·</strong></span> 
     </span>
     <span class='ocr_line' id='line_1_24' title="bbox 95 3060 1215 3150; baseline -0.004 -23"><span class='ocrx_word' id='word_1_199' title='bbox 95 3085 186 3140; x_wconf 87' lang='lat' dir='ltr'><strong>cano,</strong></span> <span class='ocrx_word' id='word_1_200' title='bbox 211 3064 317 3128; x_wconf 93' lang='lat' dir='ltr'><strong>collato</strong></span> <span class='ocrx_word' id='word_1_201' title='bbox 342 3077 438 3129; x_wconf 89' lang='lat' dir='ltr'><strong>autem</strong></span> <span class='ocrx_word' id='word_1_202' title='bbox 454 3062 652 3150; x_wconf 89' lang='lat' dir='ltr'><strong>Neapolitano</strong></span> <span class='ocrx_word' id='word_1_203' title='bbox 669 3061 811 3126; x_wconf 87' lang='lat' dir='ltr'><strong>nonnulla</strong></span> <span class='ocrx_word' id='word_1_204' title='bbox 826 3061 990 3148; x_wconf 86' lang='lat' dir='ltr'><strong>supplevit,</strong></span> <span class='ocrx_word' id='word_1_205' title='bbox 1015 3082 1091 3148; x_wconf 91' lang='lat' dir='ltr'><strong>quae</strong></span> <span class='ocrx_word' id='word_1_206' title='bbox 1107 3060 1215 3124; x_wconf 86' lang='lat' dir='ltr'><strong>Amatii</strong></span> 
     </span>
     <span class='ocr_line' id='line_1_25' title="bbox 95 3184 1216 3275; baseline -0.002 -25"><span class='ocrx_word' id='word_1_207' title='bbox 95 3185 235 3273; x_wconf 83' lang='lat' dir='ltr'><strong>fugerant</strong></span> <span class='ocrx_word' id='word_1_208' title='bbox 261 3186 457 3275; x_wconf 81' lang='lat' dir='ltr'><strong>diligentiam,</strong></span> <span class='ocrx_word' id='word_1_209' title='bbox 487 3187 569 3252; x_wconf 89' lang='lat' dir='ltr'><strong>locos</strong></span> <span class='ocrx_word' id='word_1_210' title='bbox 594 3186 738 3273; x_wconf 90' lang='lat' dir='ltr'><strong>plurimos</strong></span> <span class='ocrx_word' id='word_1_211' title='bbox 761 3198 814 3250; x_wconf 89' lang='lat' dir='ltr'><strong>aut</strong></span> <span class='ocrx_word' id='word_1_212' title='bbox 835 3186 948 3250; x_wconf 91' lang='lat' dir='ltr'><strong>laceros</strong></span> <span class='ocrx_word' id='word_1_213' title='bbox 971 3184 1053 3250; x_wconf 89' lang='lat' dir='ltr'><strong>dedit</strong></span> <span class='ocrx_word' id='word_1_214' title='bbox 1075 3187 1216 3271; x_wconf 84' lang='lat' dir='ltr'><strong>integrio-</strong></span> 
     </span>
     <span class='ocr_line' id='line_1_26' title="bbox 94 3308 1216 3397; baseline -0.004 -22"><span class='ocrx_word' id='word_1_215' title='bbox 94 3333 143 3375; x_wconf 89' lang='lat' dir='ltr'><strong>res</strong></span> <span class='ocrx_word' id='word_1_216' title='bbox 172 3324 225 3376; x_wconf 92' lang='lat' dir='ltr'><strong>aut</strong></span> <span class='ocrx_word' id='word_1_217' title='bbox 253 3312 327 3376; x_wconf 90' lang='lat' dir='ltr'><strong>male</strong></span> <span class='ocrx_word' id='word_1_218' title='bbox 355 3312 447 3376; x_wconf 91' lang='lat' dir='ltr'><strong>lectos</strong></span> <span class='ocrx_word' id='word_1_219' title='bbox 478 3311 643 3397; x_wconf 89' lang='lat' dir='ltr'><strong>descriptos</strong></span> <span class='ocrx_word' id='word_1_220' title='bbox 673 3313 849 3375; x_wconf 87' lang='lat' dir='ltr'><strong>accuratius.</strong></span> <span class='ocrx_word' id='word_1_221' title='bbox 892 3332 925 3375; x_wconf 89' lang='lat' dir='ltr'><strong>ca</strong></span> <span class='ocrx_word' id='word_1_222' title='bbox 954 3332 1009 3396; x_wconf 81' lang='lat' dir='ltr'><strong>ego</strong></span> <span class='ocrx_word' id='word_1_223' title='bbox 1038 3308 1162 3375; x_wconf 89' lang='lat' dir='ltr'><strong>adhibui</strong></span> <span class='ocrx_word' id='word_1_224' title='bbox 1185 3312 1216 3372; x_wconf 90' lang='lat' dir='ltr'><strong>in</strong></span> 
     </span>
     <span class='ocr_line' id='line_1_27' title="bbox 95 3432 1215 3522; baseline -0.004 -22"><span class='ocrx_word' id='word_1_225' title='bbox 95 3447 182 3500; x_wconf 87' lang='lat' dir='ltr'><strong>textu</strong></span> <span class='ocrx_word' id='word_1_226' title='bbox 211 3449 317 3521; x_wconf 90' lang='lat' dir='ltr'><strong>poetae</strong></span> <span class='ocrx_word' id='word_1_227' title='bbox 340 3435 547 3501; x_wconf 88' lang='lat' dir='ltr'><strong>constituendo</strong></span> <span class='ocrx_word' id='word_1_228' title='bbox 572 3437 759 3513; x_wconf 79' lang='lat' dir='ltr'><strong>erratione,</strong></span> <span class='ocrx_word' id='word_1_229' title='bbox 792 3456 851 3522; x_wconf 91' lang='lat' dir='ltr'><strong>qna</strong></span> <span class='ocrx_word' id='word_1_230' title='bbox 875 3432 1017 3498; x_wconf 91' lang='lat' dir='ltr'><strong>utendum</strong></span> <span class='ocrx_word' id='word_1_231' title='bbox 1040 3436 1075 3496; x_wconf 90' lang='lat' dir='ltr'><strong>iis</strong></span> <span class='ocrx_word' id='word_1_232' title='bbox 1099 3454 1162 3498; x_wconf 90' lang='lat' dir='ltr'><strong>esse</strong></span> <span class='ocrx_word' id='word_1_233' title='bbox 1185 3435 1215 3495; x_wconf 93' lang='lat' dir='ltr'><strong>in</strong></span> 
     </span>
     <span class='ocr_line' id='line_1_28' title="bbox 95 3556 1075 3647; baseline -0.003 -23"><span class='ocrx_word' id='word_1_234' title='bbox 95 3562 196 3625; x_wconf 86' lang='lat' dir='ltr'><strong>critica</strong></span> <span class='ocrx_word' id='word_1_235' title='bbox 219 3559 381 3625; x_wconf 83' lang='lat' dir='ltr'><strong>lectitanda</strong></span> <span class='ocrx_word' id='word_1_236' title='bbox 404 3561 566 3647; x_wconf 83' lang='lat' dir='ltr'><strong>significavi</strong></span> <span class='ocrx_word' id='word_1_237' title='bbox 590 3560 774 3647; x_wconf 88' lang='lat' dir='ltr'><strong>praefatione</strong></span> <span class='ocrx_word' id='word_1_238' title='bbox 797 3558 836 3621; x_wconf 93' lang='lat' dir='ltr'><strong>ad</strong></span> <span class='ocrx_word' id='word_1_239' title='bbox 857 3556 1001 3623; x_wconf 86' lang='lat' dir='ltr'><strong>Medeam.</strong></span> <span class='ocrx_word' id='word_1_240' title='bbox 1070 3576 1075 3586; x_wconf 84' lang='lat'><strong><em>‘</em></strong></span> 
     </span>
     <span class='ocr_line' id='line_1_29' title="bbox 185 3681 1216 3770; baseline -0.006 -20"><span class='ocrx_word' id='word_1_241' title='bbox 185 3697 314 3751; x_wconf 88' lang='lat' dir='ltr'><strong>ceterum</strong></span> <span class='ocrx_word' id='word_1_242' title='bbox 336 3686 393 3750; x_wconf 92' lang='lat' dir='ltr'><strong>hac</strong></span> <span class='ocrx_word' id='word_1_243' title='bbox 415 3687 446 3749; x_wconf 91' lang='lat' dir='ltr'><strong>in</strong></span> <span class='ocrx_word' id='word_1_244' title='bbox 468 3685 569 3751; x_wconf 90' lang='lat' dir='ltr'><strong>sabula</strong></span> <span class='ocrx_word' id='word_1_245' title='bbox 591 3698 709 3750; x_wconf 84' lang='lat' dir='ltr'><strong>textum</strong></span> <span class='ocrx_word' id='word_1_246' title='bbox 729 3686 871 3770; x_wconf 86' lang='lat' dir='ltr'><strong>anonymi</strong></span> <span class='ocrx_word' id='word_1_247' title='bbox 887 3693 916 3747; x_wconf 87' lang='lat' dir='ltr'><strong>et</strong></span> <span class='ocrx_word' id='word_1_248' title='bbox 930 3681 1120 3747; x_wconf 85' lang='lat' dir='ltr'><strong>librariorum</strong></span> <span class='ocrx_word' id='word_1_249' title='bbox 1136 3691 1216 3745; x_wconf 86' lang='lat' dir='ltr'><strong>vete·</strong></span> 
     </span>
    </p>
   </div>
   <div class='ocr_carea' id='block_1_5' title="bbox 94 3968 1216 4143">
    <p class='ocr_par' dir='ltr' id='par_1_5' title="bbox 94 3968 1216 4143">
     <span class='ocr_line' id='line_1_30' title="bbox 166 3968 1216 4045; baseline -0.007 -16"><span class='ocrx_word' id='word_1_250' title='bbox 166 3977 187 4045; x_wconf 75' lang='lat'><strong>⁹)</strong></span> <span class='ocrx_word' id='word_1_251' title='bbox 210 3976 314 4031; x_wconf 88' lang='lat' dir='ltr'><strong>titulum</strong></span> <span class='ocrx_word' id='word_1_252' title='bbox 337 3977 416 4029; x_wconf 81' lang='lat' dir='ltr'><strong>ictum</strong></span> <span class='ocrx_word' id='word_1_253' title='bbox 440 3992 497 4030; x_wconf 79' lang='lat' dir='ltr'><strong>esse</strong></span> <span class='ocrx_word' id='word_1_254' title='bbox 520 3975 593 4029; x_wconf 89' lang='lat' dir='ltr'><strong>scioli</strong></span> <span class='ocrx_word' id='word_1_255' title='bbox 617 3974 750 4044; x_wconf 85' lang='lat' dir='ltr'><strong>cujusdam</strong></span> <span class='ocrx_word' id='word_1_256' title='bbox 775 3981 944 4027; x_wconf 88' lang='lat' dir='ltr'><strong>commentum</strong></span> <span class='ocrx_word' id='word_1_257' title='bbox 968 3972 1119 4045; x_wconf 85' lang='lat' dir='ltr'><strong>Byzantini‚</strong></span> <span class='ocrx_word' id='word_1_258' title='bbox 1146 3968 1216 4023; x_wconf 89' lang='lat' dir='ltr'><strong>nulla</strong></span> 
     </span>
     <span class='ocr_line' id='line_1_31' title="bbox 94 4071 1004 4143; baseline -0.007 -15"><span class='ocrx_word' id='word_1_259' title='bbox 94 4074 217 4129; x_wconf 88' lang='lat' dir='ltr'><strong>tradit-um</strong></span> <span class='ocrx_word' id='word_1_260' title='bbox 237 4076 388 4129; x_wconf 86' lang='lat' dir='ltr'><strong>auctoritate</strong></span> <span class='ocrx_word' id='word_1_261' title='bbox 405 4075 450 4128; x_wconf 85' lang='lat' dir='ltr'><strong>vix</strong></span> <span class='ocrx_word' id='word_1_262' title='bbox 469 4073 596 4143; x_wconf 85' lang='lat' dir='ltr'><strong>estquod</strong></span> <span class='ocrx_word' id='word_1_263' title='bbox 614 4071 733 4143; x_wconf 88' lang='lat' dir='ltr'><strong>pluribus</strong></span> <span class='ocrx_word' id='word_1_264' title='bbox 751 4071 860 4127; x_wconf 87' lang='lat' dir='ltr'><strong>lectores</strong></span> <span class='ocrx_word' id='word_1_265' title='bbox 880 4088 1004 4124; x_wconf 87' lang='lat' dir='ltr'><strong>moneam.</strong></span> 
     </span>
    </p>
   </div>
   <div class='ocr_carea' id='block_1_6' title="bbox 0 0 1310 4567">
    <p class='ocr_par' dir='ltr' id='par_1_6' title="bbox 0 0 1310 4567">
     <span class='ocr_line' id='line_1_32' title="bbox 0 0 1310 4567; baseline 0 0"><span class='ocrx_word' id='word_1_266' title='bbox 0 0 1310 4567; x_wconf 95' lang='lat' dir='ltr'><strong> </strong></span> 
     </span>
    </p>
   </div>
  </div>
 </body>
</html>
